4120 6456
341 514 439 554 xxxiv
876 490 1123 556 PRAEFATIO
1144 526 1185 541 -
1206 492 1349 557 CAPUT
1371 491 1412 556 ll.

341 702 419 741 xvn.
460 678 509 740 De
524 677 654 741 Christo
669 677 728 740 Dei
743 677 835 740 Filio.
920 678 962 741 sit
979 687 1011 740 et
1033 679 1317 742 consubstantialis
1338 679 1402 742 Pa·
1463 678 1573 763 populi
1596 679 1800 756 ludaeorum,
1827 703 1883 744 seu
1905 683 1940 745 de

339 808 431 848 xvrrr.
459 784 508 847 De
522 784 726 868 virginitate.
918 784 960 847 tri
976 785 1076 866 (xvir).
1464 786 1608 870 gentium
1621 774 1787 850 vocatione
1801 798 1833 852 et
1840 809 1940 873 repro-

339 914 408 955 xix.
459 892 507 954 De
537 890 663 952 ludaeis
691 911 754 952 non
784 910 860 953 con·
881 891 930 954 De
945 891 1100 955 Castitate
1115 893 1204 974 (xviri
1220 894 1290 974 bia).
1463 892 1590 956 batione
1604 893 1793 956 ludaeorum
1809 896 1894 977 (xvi).

500 995 686 1080 gregandis.
881 996 1045 1061 Adversus
1060 998 1180 1062 Gentes
1196 1000 1258 1081 (xvi
1274 999 1311 1079 l).
1421 998 1668 1062 Demonstratur
1687 1000 1851 1064 Christum
1875 1022 1941 1065 esse

339 1127 393 1166 xx.
456 1103 504 1165 De
524 1103 761 1167 Sustentatione
780 1124 860 1186 pau·
881 1104 930 1167 De
945 1104 1190 1169 Constructione
1205 1105 1402 1167 tabernaculi
1463 1104 1580 1167 Filium
1596 1105 1656 1167 Dei
1673 1107 1772 1187 (xvir).

498 1230 622 1294 perum.
923 1211 1011 1292 (xix).
1423 1211 1472 1275 De
1499 1211 1693 1296 Virginitate
1721 1222 1754 1276 et
1778 1214 1940 1278 sanctitate

338 1339 406 1380 xxi.
457 1318 506 1379 De
521 1316 756 1379 Persecuticne.
881 1317 929 1380 De
938 1318 1090 1381 Gentium
1099 1318 1305 1380 conversione
1314 1318 1399 1401 (xvi).
1463 1318 1618 1381 adversus
1633 1318 1767 1382 ludaeos
1784 1321 1895 1403 (xviri).

338 1446 417 1486 xxn.
455 1423 503 1485 De
511 1423 615 1484 Morte
623 1422 856 1485 etnovissimis.
880 1423 929 1486 De
944 1422 1059 1507 Regno
1074 1422 1246 1486 Persarum
1262 1424 1313 1507 (v).
1423 1423 1585 1488 Relutatio
1620 1424 1775 1488 adversus
1810 1425 1939 1488 ludaeos

337 1552 431 1592 xxm.
454 1529 503 1591 De
518 1530 629 1592 Acina.
880 1528 929 1592 De
952 1529 1177 1592 Persecutione
1201 1530 1402 1595 Christiano·
1463 1530 1606 1593 dicentes
1634 1531 1821 1616 propediem
1847 1553 1940 1615 syna·

920 1635 1095 1718 rum(xx1].
1463 1658 1583 1723 gogam
1608 1637 1848 1701 instaurandam
1872 1659 1939 1702 esse

880 1741 1062 1806 Chronicon
1077 1744 1171 1824 (xxm
1188 1744 1257 1825 bist.
1463 1745 1551 1826 (xix).
2047 1824 2048 1831 ἵ

1423 1848 1535 1914 Sermo
1557 1851 1671 1913 unicus
1692 1850 1732 1914 de
1751 1852 1939 1915 adversitate

1461 1966 1493 2019 et
1512 1957 1740 2020 schismatibus
1763 1978 1845 2041 quae
1864 1959 1940 2020 fiunt
2047 1982 2048 1995 ¹

1461 2063 1578 2126 alicubi
1598 2064 1630 2125 in
1650 2065 1840 2148 provinciis,
1857 2064 1939 2128 etde

1461 2171 1611 2254 superbia
1639 2180 1670 2233 et
1698 2173 1885 2255 arrogantia
1910 2179 1939 2234 et
2047 2192 2048 2219 i

1460 2297 1571 2361 pugna
1585 2278 1769 2340 certaminis
1785 2280 1873 2361 (xiv).

409 2438 669 2509 Verumtamen
695 2434 877 2507 sententia
902 2435 1058 2507 mendax·
1082 2435 1175 2508 inter
1200 2439 1380 2510 Armenes
1405 2436 1589 2535 quondam
1614 2438 1782 2538 vulgata,
1806 2464 1826 2511 a
1849 2439 1939 2512 lalsa
2047 2490 2048 2503 ,

336 2568 524 2641 nominum
550 2567 762 2666 acceptione
788 2568 970 2667 pendens,
993 2568 1178 2641 anemine
1205 2570 1339 2667 poterit
1366 2569 1462 2643 ultra
1488 2570 1652 2655 delendi,
1676 2571 1706 2643 si
1732 2596 1815 2644 cnm
1838 2585 1937 2643 textu
2047 2640 2048 2649 ,

336 2703 496 2801 syriaco,
515 2727 611 2780 nunc
631 2700 768 2800 publici
788 2701 878 2773 iuris
897 2701 1012 2787 facto,
1031 2702 1238 2776 armeniaca
1256 2703 1368 2775 editio
1387 2703 1575 2776 Antonelli
1595 2716 1847 2803 componatur.
1866 2707 1938 2777 De·
2047 2762 2048 2789 ,

335 2836 424 2909 cidit
450 2835 547 2908 enim
574 2835 612 2906 in
638 2835 710 2907 ista
737 2834 851 2907 series
877 2834 1124 2934 alphabetico,
1153 2849 1188 2907 et
1217 2847 1362 2933 praeter
1390 2836 1427 2908 id
1453 2836 1551 2934 quod
1577 2849 1755 2909 tractatus
1784 2849 1938 2935 quatuor

334 2969 461 3043 omissi
481 2980 583 3054 sunt,
606 2968 849 3065 posteriorum
868 2968 976 3055 ordo,
999 2968 1220 3041 reclamante
1244 2980 1410 3055 auctore,
1432 2968 1591 3067 pessime
1616 2981 1861 3043 commutatus
1884 2983 1937 3042 est
2047 3000 2048 3027 i

334 3103 420 3196 (vid.
440 3105 649 3174 Demonstr.
666 3128 750 3188 xrn,
771 3102 809 3187 l,
828 3113 863 3173 et
881 3128 974 3187 xxn,
992 3101 1065 3195 26).

407 3237 441 3308 A
459 3234 613 3333 syriacis
628 3233 896 3332 exemplaribus
912 3233 1061 3332 insuper
1077 3234 1213 3307 recedit
1228 3234 1497 3332 praetermissis
1514 3234 1695 3307 interdum
1711 3234 1878 3333 pluribus
1894 3235 1937 3307 li·
2047 3270 2048 3311 i

333 3370 430 3454 neis3
448 3396 480 3441 v.
505 3394 560 3467 gr.
585 3367 621 3439 in
641 3366 962 3440 Demonstratione
976 3394 1046 3453 xn,
1068 3367 1386 3465 tumentium,
1405 3393 1497 3466 quae
1518 3367 1688 3440 dicuntur
1703 3353 1748 3439 de
1764 3368 1937 3441 lobannis
2047 3346 2048 3395 t

332 3501 552 3600 baptismate
570 3529 578 3572 :
602 3529 620 3572 a
639 3504 730 3574 Nam
746 3500 920 3600 quamdiu
936 3526 1019 3573 cum
1035 3500 1225 3598 discipulis
1241 3512 1479 3573 conversatus
1495 3513 1568 3587 est,
1588 3528 1606 3571 r>
1624 3526 1740 3599 usque
1755 3500 1802 3572 ad
1816 3501 1936 3574 locum
2047 3512 2048 3571 f

332 3636 414 3708 Act.
433 3663 458 3720 1,
477 3637 512 3720 5,
532 3633 659 3707 relicta
678 3646 781 3721 sunt;
799 3633 886 3705 item
901 3633 939 3704 in
954 3632 1274 3706 Demonstratione
1289 3660 1373 3719 xm,
1392 3636 1431 3717 5,
1447 3633 1550 3706 locus
1566 3635 1654 3705 Gen.
1675 3661 1744 3719 rn,
1767 3635 1804 3719 l,
1822 3634 1936 3733 quiin

332 3767 529 3867 exemplari
554 3767 697 3865 syriaco
716 3780 772 3838 ter
791 3766 936 3849 citatur,
955 3764 994 3837 in
1012 3766 1219 3838 armeniano
1244 3778 1468 3852 coarctatum
1488 3766 1526 3837 in
1548 3765 1870 3839 Demonstratione
1890 3774 1934 3849 n,

330 3901 395 3986 20,
420 3914 503 3998 post
530 3912 766 3971 memoratam
793 3897 946 3970 sanandi
972 3910 1192 3996 potestatem
1216 3898 1406 3997 Apostolis
1431 3897 1622 3982 traditam,
1644 3898 1846 3971 translator
1872 3924 1937 3970 ne·

330 4034 446 4134 glexit
468 4033 649 4106 incisum:
671 4063 688 4098 «
707 4030 893 4130 Nobisque
915 4056 981 4129 per
995 4056 1121 4103 eorum
1143 4057 1273 4105 manus
1288 4032 1426 4129 pariter
1442 4059 1481 4119 »3
1499 4031 1627 4104 scribit
1642 4031 1679 4102 in
1695 4034 1936 4105 Demonstra-

329 4166 429 4240 tione
450 4194 485 4253 ν,
507 4168 550 4237 ’13
576 4194 584 4237 :
611 4194 629 4236 a
655 4163 850 4263 Imperium
872 4163 1022 4235 tradidit
1044 4163 1130 4236 liliis
1153 4166 1250 4236 Esau
1274 4193 1312 4250 ι,
1331 4190 1397 4262 pro
1421 4193 1439 4236 a
1465 4165 1660 4263 Imperium
1685 4164 1838 4237 tradidit
1862 4168 1937 4237 Ro·
2047 4134 2048 4213 s

329 4299 465 4385 mania,
483 4299 545 4399 qui
563 4297 683 4371 vocati
704 4310 789 4369 sunt
808 4296 874 4368 filii
890 4299 988 4369 Esau
1006 4323 1036 4368 n.
1058 4296 1204 4369 Breviat
1220 4297 1329 4370 otiam
1345 4299 1492 4371 citando
1507 4298 1628 4371 locum
1648 4299 1727 4372 loh.
1745 4327 1829 4387 xm,
1848 4302 1934 4372 415

328 4437 550 4529 (Demonstr.
578 4458 648 4517 xn,
681 4430 755 4524 10);
785 4429 872 4501 item
903 4428 1105 4501 sententias
1137 4444 1299 4504 coarctat
1329 4432 1366 4503 in
1398 4432 1718 4505 Demonstratione
1736 4459 1777 4519 x,
1801 4436 1834 4505 5.
1861 4434 1936 4506 Sed

328 4568 438 4641 etiam
462 4565 620 4666 paginae
644 4576 743 4636 totae
767 4561 986 4661 praeteritae
1012 4574 1097 4634 sunt
1119 4589 1127 4633 :
1152 4562 1202 4634 ita
1221 4563 1258 4634 in
1278 4563 1599 4636 Demonstratione
1621 4590 1669 4648 iv,
1692 4563 1715 4634 6
1735 4577 1819 4661 post
1844 4563 1935 4636 haec

326 4700 438 4774 verba
456 4728 463 4771 z
484 4728 502 4771 a
521 4702 613 4771 Eum
625 4723 708 4770 cum
723 4695 865 4769 duabus
880 4694 1010 4769 turmis
1026 4694 1158 4767 iterum
1173 4694 1288 4768 adibit
1308 4724 1315 4767 :
1333 4721 1406 4768 una
1421 4696 1564 4795 populi,
1580 4696 1695 4769 altera
1711 4696 1880 4796 gentium
1898 4725 1931 4783 n,

326 4835 435 4907 buius
455 4831 627 4906 editionis
648 4857 700 4903 cc.
724 4830 811 4915 2149,
828 4829 853 4901 l.
876 4828 1032 4914 15-161,
1050 4828 1075 4899 l.
1098 4828 1141 4899 ld
1161 4829 1325 4914 omissis,
1343 4829 1475 4902 transit
1494 4828 1540 4902 ad
1561 4832 1579 4924 ἓ
1602 4831 1643 4900 ll
1666 4829 1844 4914 medium,
1864 4831 1934 4903 hoc

328 4971 435 5043 modo
454 4998 462 5040 ι
483 5000 500 5037 «
518 4967 604 5063 [Sed
621 4967 753 5038 iterum
768 4965 814 5038 de
829 4965 994 5038 oratione
1014 4963 1102 5036 dicit
1122 4962 1301 5035 Dominus
1316 4975 1442 5034 noster
1460 4965 1487 5056 :]
1503 4960 1574 5035 Ubi
1595 4975 1680 5034 sunt
1695 4961 1769 5034 duo
1782 4962 1934 5036 veltres

328 5102 545 5205 congregati
567 5102 603 5173 in
623 5099 770 5174 nomine
786 5126 867 5172 meo
885 5128 917 5172 n.
938 5096 1199 5172 praetermittit
1219 5096 1256 5167 in
1276 5094 1596 5168 Demonstratione
1611 5123 1688 5181 xix,
1707 5095 1821 5169 lisere
1836 5095 1934 5170 inte-

328 5264 436 5340 grum
459 5237 580 5309 locum
604 5239 698 5308 Dan.
717 5261 769 5320 rx,
791 5234 892 5319 tlt),
911 5232 972 5331 qui
993 5231 1030 5303 in
1050 5230 1248 5329 archetypo
1268 5228 1326 5301 bis
1346 5228 1557 5315 adducitur;
1575 5242 1611 5301 et
1630 5228 1667 5300 in
1691 5232 1935 5301 Demonstra-

327 5373 427 5446 tione
455 5397 539 5455 vm,
568 5368 688 5467 capita
717 5367 789 5439 duo
815 5367 859 5436 tl
892 5377 928 5437 et
960 5365 1024 5451 22,
1054 5363 1239 5448 consulto,
1273 5375 1313 5434 ut
1341 5361 1497 5447 videtur,
1535 5361 1725 5460 praeterit,
1751 5387 1794 5433 eo
1821 5362 1934 5436 modo

327 5510 358 5602 (ἓ
379 5505 465 5601 tm:
491 5536 507 5571 «
527 5503 636 5577 Fides
656 5513 782 5573 nostra
801 5498 921 5583 docet,
939 5497 1085 5596 quaudo
1095 5496 1279 5569 dormiunt
1298 5495 1478 5580 homines,
1496 5495 1637 5567 animas
1658 5495 1836 5567 iustorum
1848 5494 1934 5593 qui-

328 5641 411 5713 dam
427 5639 472 5712 ad
488 5642 604 5711 Deum
621 5636 691 5720 iro,
710 5646 943 5733 pcccatorum
957 5657 1044 5703 vero
1060 5630 1106 5703 ad
1123 5630 1346 5729 gehennam,
1365 5630 1395 5724 (ἕ
1411 5628 1471 5723 23)
1486 5629 1581 5701 sicut
1597 5627 1684 5700 dicit
1698 5627 1903 5726 Apostolus
1923 5657 1930 5699 :

327 5780 413 5848 Cum
431 5774 645 5869 peregrinati
662 5772 831 5864 fuerimus
845 5793 867 5840 a
882 5791 1016 5861 corpore
1034 5796 1065 5838 ».
1089 5766 1129 5835 ln
1146 5761 1465 5836 Demonstratione
1485 5789 1539 5851 rr,
1556 5761 1692 5860 scripto
1708 5789 1725 5832 a
1743 5764 1791 5835 Ut
1810 5760 1857 5833 ab
1879 5761 1934 5837 ira
