4120 6456
534 502 590 564 DE
613 502 777 565 NOMINE
802 502 856 565 ET
879 502 1077 566 PERSONA
1100 503 1356 568 APHRAATIS.
1699 529 1740 568 xv

137 692 425 775 Seleucidarum,
449 716 514 764 seu
537 719 555 760 a
578 691 683 790 regni
703 693 924 763 Graecorum
946 720 983 777 n,
1006 691 1070 763 sed
1093 720 1110 761 0
1133 692 1239 764 annis
1264 692 1368 791 regni
1394 693 1583 791 Saporis»
1606 693 1737 765 inscri-

137 827 188 898 bit
206 829 430 919 (Demonstr.
449 852 522 911 xiv,
542 825 589 896 50
609 838 645 897 et
662 851 770 911 xxrn,
789 823 814 895 1.
833 827 899 919 0.),
922 835 984 896 aut
1003 850 1085 896 cum
1110 824 1145 896 in
1165 826 1485 898 Demonstratione
1505 854 1527 897 v
1545 832 1592 898 De
1610 829 1731 914 Bellis,

136 958 375 1032 dissimulatis
395 956 622 1044 nominibus,
641 959 817 1054 Saporem
841 958 1036 1030 ostendere
1055 957 1182 1030 nititur
1203 984 1223 1030 a
1244 959 1416 1031 Romanis
1441 972 1651 1057 superatum
1677 960 1733 1032 iri.

209 1094 258 1164 At
278 1116 398 1189 neque
412 1092 463 1163 ¹cn
482 1090 726 1189 appellatione
748 1089 932 1187 Sapientis
953 1093 1103 1177 Persae,
1126 1116 1244 1189 neque
1271 1091 1379 1164 etiam
1399 1118 1443 1164 ex
1463 1093 1609 1164 nomine
1631 1118 1737 1190 pere-

137 1225 244 1324 grino
264 1224 434 1297 Pharhad
458 1249 585 1297 eruere
609 1223 695 1296 licet
721 1248 804 1295 eum
832 1225 980 1295 Persam
1006 1224 1118 1296 luisse
1146 1250 1298 1324 genere,
1321 1224 1455 1323 quippe
1480 1226 1541 1323 qui
1569 1251 1736 1299 sermone

137 1359 298 1458 syriaco,
327 1371 362 1430 et
389 1356 536 1458 quidem
566 1382 656 1456 pure
688 1369 724 1429 et
756 1355 869 1441 culte,
896 1381 938 1427 ac
965 1369 1138 1455 tanquam
1170 1357 1288 1455 patrio
1317 1370 1449 1430 utatur.
1480 1361 1612 1430 Persae
1640 1359 1736 1430 enim

138 1491 355 1564 dicebantur
378 1489 436 1562 vel
462 1489 661 1588 superioris
684 1488 846 1588 Tigridis
871 1489 1034 1573 accolae,
1058 1515 1140 1561 cum
1166 1493 1360 1562 Persarum
1385 1515 1558 1588 regnum,
1580 1516 1645 1589 per
1664 1492 1738 1562 As-

138 1624 274 1722 syriam
301 1622 509 1709 dilatatum,
532 1648 647 1721 usque
667 1623 712 1693 ad
735 1622 1019 1718 Mesopotamiae
1044 1622 1135 1694 fines
1155 1622 1291 1695 iamdiu
1317 1623 1562 1720 pervenisset,
1586 1636 1621 1695 et
1642 1649 1736 1695 anno

138 1759 209 1828 :338
229 1761 363 1829 Persae
383 1755 526 1828 Nisibin
544 1756 662 1863 primo
682 1755 984 1854 oppugnaverint.

210 1893 323 1963 Porro
342 1888 401 1961 his
420 1888 565 1962 indiciis
585 1901 668 1987 apte
688 1888 909 1960 conveniunt
928 1913 1020 1986 quae
1041 1888 1086 1960 de
1107 1889 1179 1960 situ
1196 1889 1407 1961 monasterii
1428 1889 1544 1961 sancti
1561 1888 1735 1961 Matthaei

140 2024 324 2108 novimus,
348 2022 494 2120 inquo,
517 2022 616 2095 iuxta
637 2047 747 2119 supra
766 2021 963 2118 productas
982 2020 1215 2094 librariorum
1235 2022 1508 2105 adnotationes,
1530 2021 1736 2119 Aphraates

139 2157 265 2229 sedem
292 2154 465 2227 habehat.
495 2159 612 2227 Locus
632 2154 728 2227 euim
749 2153 785 2224 in
806 2152 967 2225 Persidis
994 2166 1029 2225 et
1054 2155 1340 2253 Mesopotamiae
1365 2154 1570 2227 confinibus
1595 2155 1737 2227 inveni-

138 2304 209 2376 tur,
237 2289 419 2387 siquidem
445 2288 483 2360 in
510 2288 603 2361 clivo
631 2287 765 2360 montis
795 2282 944 2357 Maklub
973 2309 1037 2358 seu
1066 2286 1232 2370 Maklub,
1260 2288 1361 2360 iuxta
1390 2286 1576 2360 arabicum
1605 2312 1736 2359 nomen

138 2416 237 2516 udi»
264 2450 280 2493 0
304 2422 471 2493 inversus
487 2450 520 2507 n,
537 2422 588 2493 ita
607 2447 628 2494 a
647 2422 764 2493 sorma
783 2418 888 2504 dicti,
907 2442 928 2487 a
947 2418 1157 2492 christianis
1176 2444 1276 2505 vero,
1293 2421 1363 2492 iam
1384 2448 1405 2491 a
1426 2419 1572 2493 saeculo
1593 2420 1734 2518 quinto,

137 2556 302 2656 Elpheph
327 2577 404 2626 aaa
430 2557 465 2628 et
485 2555 651 2629 Chuchta
679 2574 760 2633 usn
791 2549 980 2650 appellati,
1003 2577 1023 2625 e
1050 2553 1200 2653 regione
1227 2553 1329 2625 urbis
1353 2553 1612 2638 MossulensiS,
1635 2565 1737 2626 trans

136 2690 347 2764 ulteriorem
364 2690 478 2787 ripam
494 2687 666 2773 lluminis,
685 2687 746 2785 qui
763 2700 918 2785 quatuor
931 2686 990 2757 vel
1006 2687 1166 2785 quinque
1183 2687 1353 2760 horarum
1369 2688 1415 2760 ad
1430 2687 1608 2760 orientem
1624 2687 1737 2760 distat

136 2823 279 2897 itinere.
309 2821 367 2894 nb
392 2820 580 2894 hodiernis
599 2820 728 2893 incolis
750 2826 815 2942 ὁὶ
841 2847 911 2932 >⁵:⁴³⁹
935 2820 1071 2895 Sheikh
1093 2823 1207 2893 Matta
1226 2834 1394 2907 vocatum
1416 2821 1464 2893 ad
1484 2822 1611 2921 iugum
1632 2847 1736 2895 mon-

840 2934 870 2979 ι

136 2983 226 3055 tium
246 2981 438 3055 Badhinan
457 2981 672 3053 Kurdistani
692 2981 867 3077 pertinet,
890 2996 926 3054 et
946 2981 1147 3053 subiectam
1167 2979 1299 3051 vallem
1318 2981 1492 3053 torrentis
1511 2982 1655 3069 Ghazir,
1674 2982 1736 3081 qui

136 3116 172 3186 in
191 3115 330 3187 Zabum
350 3114 523 3187 maiorem
544 3113 696 3185 influit&

207 3251 243 3320 [ι.
262 3249 301 3320 Si
315 3273 402 3320 vero
418 3261 563 3345 tempus
584 3246 809 3344 inquiramus
825 3248 875 3341 (in
890 3248 1070 3345 reliquum
1086 3247 1198 3319 dilata
1213 3245 1428 3345 probatione
1448 3272 1540 3344 quae
1558 3274 1602 3319 ex
1617 3261 1735 3321 aetate

136 3381 386 3454 translationis
415 3380 641 3452 armeniacae
672 3380 798 3479 colligi
829 3385 979 3479 potest),
1007 3380 1163 3478 primum
1194 3393 1325 3452 testem
1360 3378 1536 3452 habemus
1568 3394 1735 3453 sanctum

138 3519 301 3587 lsaacum
327 3512 596 3586 Antiochenum
626 3515 663 3607 (1-
684 3513 779 3585 01000
803 3514 905 3608 400),
933 3514 994 3611 qui
1024 3513 1240 3611 magistrum
1275 3511 1402 3584 habuit
1431 3513 1592 3585 Edessae
1622 3517 1735 3586 Zeno·

135 3648 254 3733 bium,
283 3647 399 3720 sancti
439 3645 632 3744 Ephraem'i
665 3646 894 3743 discipulum.
934 3651 969 3718 ls
999 3646 1196 3745 Aphraatis
1226 3645 1307 3718 loca
1345 3645 1442 3717 haud
1475 3646 1608 3744 exigua
1647 3648 1734 3738 (De-
1825 3662 1829 3668 “

46 3769 49 3775 ’
136 3795 287 3854 monstr.
315 3807 344 3866 1,
371 3782 432 3865 143
461 3806 519 3865 ιιι,
547 3781 584 3865 1,
608 3780 643 3874 3)
665 3780 703 3851 in
733 3779 955 3851 carminibus
985 3779 1062 3851 suis
1085 3805 1149 3849 vm
1182 3792 1425 3863 etx1n,non
1452 3779 1569 3850 solum
1606 3779 1733 3851 eadem

137 3915 335 3999 sententia,
352 3938 477 3985 verum
502 3913 631 3985 iisdem
660 3938 768 4010 saepe
792 3911 981 3985 vocabulis
1005 3912 1190 4010 exprimit,
1214 3912 1305 3984 adeo
1329 3922 1385 3998 ut,
1409 3912 1469 4008 qui
1495 3912 1601 3984 ambo
1626 3912 1734 3984 simul

136 4048 310 4148 perlegit,
338 4072 403 4145 pro
430 4046 623 4118 manifesto
660 4044 792 4119 habeat
825 4046 1047 4145 Aphraatem
1082 4045 1153 4116 iam
1182 4044 1227 4116 ab
1261 4058 1408 4117 auctore
1447 4044 1583 4117 sacculi
1616 4046 1732 4143 quinti

135 4180 436 4253 mmffimh

207 4318 374 4412 Insuper,
397 4313 499 4412 prius
528 4313 599 4384 iam
628 4338 695 4383 nos
720 4313 860 4384 monuit
886 4312 1138 4385 Barhebraeus
1164 4312 1371 4410 Sapientem
1397 4315 1546 4384 Persam
1570 4325 1732 4411 tempore

138 4450 253 4546 Papae
274 4446 503 4518 inclaruisse.
523 4448 627 4517 Hunc
648 4459 787 4533 autem,
807 4448 954 4532 Persam
976 4459 1011 4517 et
1031 4446 1150 4543 ipsum
1174 4445 1339 4516 similiter
1359 4444 1599 4543 appellatum,
1623 4472 1732 4543 supra

136 4580 292 4652 diximus
313 4578 359 4651 ab
378 4604 474 4651 anno
493 4578 564 4649 166
585 4578 631 4649 ad
651 4604 785 4650 annum
806 4580 877 4649 334
897 4578 1097 4650 secundum
1114 4577 1401 4664 Barhebraeum,
1420 4579 1519 4650 iuxta
1539 4578 1630 4650 alios
1645 4604 1731 4650 vero

136 4712 179 4784 ab
200 4738 297 4784 anuo
317 4712 388 4783 156
409 4724 472 4783 aut
491 4711 560 4783 157
582 4710 628 4782 ad
649 4711 733 4796 316,
753 4712 940 4784 Seleuciae
961 4725 997 4784 et
1012 4711 1262 4809 Ctesiphontis
1281 4711 1532 4809 pontificatum
1552 4710 1728 4808 gessisse.

193 5051 202 5087 ¹
231 5048 280 5110 De
303 5050 365 5109 situ
401 5047 584 5109 monasterii
614 5047 715 5108 sancti
742 5045 894 5109 Matthaei
921 5047 992 5108 vide
1019 5048 1052 5109 S.
1077 5047 1216 5130 Radger,
1246 5046 1310 5108 Tte
1334 5045 1529 5110 Nestorians
1555 5046 1625 5108 ond
1649 5047 1733 5107 llicit·

137 5157 262 5229 000010,
280 5154 426 5230 Londini‚
446 5157 533 5227 1852,
551 5161 573 5214 t.
592 5153 619 5228 l,
635 5174 667 5235 p.
684 5158 721 5214 95
738 5174 840 5236 seqq,
856 5164 887 5215 et
901 5155 941 5216 01.
956 5154 1095 5216 tabulam
1111 5154 1397 5237 chorographicam
1413 5152 1544 5215 alteram
1558 5153 1598 5213 ad
1612 5151 1731 5215 calcem

136 5262 316 5334 voluminis,
331 5269 361 5321 et
377 5260 400 5322 1.
418 5260 515 5335 Rich,
531 5260 585 5342 qui
601 5258 704 5322 locum
720 5259 873 5322 describit
887 5260 971 5344 apud
988 5261 1025 5322 C.
1044 5260 1157 5335 Rittcr,
1176 5260 1227 5322 die
1242 5258 1434 5337 Erdltuude,
1452 5270 1533 5342 part.
1549 5258 1602 5333 lx,
1620 5258 1730 5323 West·

138 5369 247 5441 halen,
265 5366 390 5440 Berlin,
408 5370 501 5441 1810,
519 5389 558 5441 ιι,
574 5370 607 5437 t,
624 5366 686 5427 vol.
704 5366 763 5439 Vl,
780 5371 795 5443 ξ
810 5371 864 5441 23,
882 5388 936 5449 pp.
954 5370 1096 5428 732-710.

192 5474 204 5512 ²
220 5472 354 5548 Bichell,
371 5474 405 5535 S.
421 5473 535 5535 Isauri
546 5474 749 5549 Antiocheia,
765 5473 907 5535 doctoris
922 5473 1093 5553 Syrorum,
1112 5496 1211 5556 opera
1229 5475 1349 5550 urnula,
1365 5494 1441 5555 pars
1455 5473 1477 5545 l,
1496 5472 1621 5548 Gissnc,
1642 5475 1728 5533 1873.

138 5580 240 5642 Carm.
254 5602 326 5655 ιἰιι,
341 5601 391 5641 vv.
410 5584 488 5642 1280
501 5601 604 5664 seqq,
619 5601 651 5663 p.
669 5584 825 5655 138;x1n,
840 5602 890 5641 vv.
910 5584 1015 5657 1120,
1033 5602 1065 5664 p.
1082 5586 1155 5655 250,
1172 5602 1221 5642 vv.
1241 5583 1367 5655 52-102,
1383 5600 1415 5661 p.
1433 5583 1575 5653 252251,
1592 5578 1728 5660 aliaque.

138 5686 182 5748 Cl.
205 5686 342 5761 Biekell,
359 5687 587 5770 Ausgewrthlte
605 5686 870 5770 Abbandlungcu
891 5687 948 5749 dcc
966 5688 1118 5769 Bisclzoss
1136 5687 1238 5749 Ialrob
1256 5688 1446 5769 Aphmules·
1467 5707 1526 5748 ron
1545 5683 1624 5747 Mor·
1642 5683 1730 5745 Mat·

139 5792 228 5855 draus
243 5793 444 5874 (Thalholers
457 5792 642 5857 Bibliothelr
656 5792 716 5854 der·
730 5793 973 5872 1100000001ον,
991 5794 1054 5855 vol.
1072 5794 1150 5872 Clll,
1169 5793 1341 5875 Kcmpteu,
1361 5797 1452 5867 1871,
1468 5815 1499 5875 p.
1515 5796 1566 5867 52,
1585 5801 1649 5854 not.
