4120 6456
531 492 587 554 DE
611 491 777 556 NOMINE
801 492 855 556 ET
879 492 1077 556 PERSONA
1099 492 1355 558 APHRAATIS.
1684 518 1744 558 xm

144 706 187 753 ex
210 680 292 778 ipso
317 706 427 779 opere
447 695 636 769 eruuntur,
658 695 766 780 prout
785 682 856 754 iam
878 682 1004 755 eadem
1025 683 1205 782 Georgius
1225 683 1419 783 episeopus
1439 682 1475 755 in
1496 683 1660 782 Epistola
1680 709 1744 756 su·
1789 747 1793 754 .

143 838 208 911 pra
227 813 326 887 dicta
346 814 512 913 pluribus
530 814 652 888 verbis
672 815 897 914 perquisivit.

216 1036 253 1106 ἓ.
276 1035 349 1108 Sed
374 1049 459 1109 ante
486 1037 608 1110 omnia
634 1038 678 1110 de
704 1037 852 1137 proprio
879 1036 1024 1109 nomine
1052 1037 1236 1136 Sapientis
1260 1041 1412 1125 Persae,
1434 1039 1531 1137 quod
1560 1039 1741 1138 Georgius

142 1167 345 1267 ignoravit,
367 1170 533 1268 quaestio
553 1170 742 1244 habeatur.

215 1302 361 1400 Duplici
381 1329 463 1375 eum
483 1304 629 1376 nomine
648 1304 807 1377 vidimus
827 1304 1073 1402 appellatum:
1092 1305 1246 1376 alterurn
1265 1304 1533 1377 aBarhebraeo
1550 1326 1624 1407 gloss
1639 1310 1741 1398 (For-

142 1438 220 1523 hod,
242 1461 307 1509 seu
325 1440 461 1509 Ferhod
480 1437 681 1509 secundum
703 1440 823 1510 Rosen
840 1449 876 1508 et
891 1436 1057 1509 Forshall
1074 1436 1111 1507 in
1126 1438 1306 1537 Catalogo
1324 1437 1350 1508 l.
1368 1442 1417 1533 c.)
1433 1438 1625 1535 seriptum,
1643 1440 1740 1537 apud

141 1581 284 1641 ceteros
304 1569 420 1641 evasit
443 1585 553 1659 aest,
573 1584 725 1659 meust,
746 1595 839 1668 quae
860 1569 996 1642 formae
1017 1569 1216 1642 senioribus
1236 1570 1461 1668 temporibus
1481 1572 1601 1671 magis
1621 1573 1739 1645 usita-

138 1715 216 1786 tae,
240 1701 287 1773 ad
311 1726 481 1801 graecam
505 1702 740 1801 scriptionem
764 1705 945 1800 Ἀφραάτης
969 1702 1109 1775 effictae
1138 1714 1236 1774 sunt.
1259 1705 1372 1775 Porro
1397 1728 1529 1776 nomen
1558 1704 1739 1802 ipsum,a

140 1835 316 1931 Syrorum
336 1833 463 1934 lingua
482 1834 654 1921 alienum,
677 1835 774 1933 apud
794 1835 961 1922 Parthos,
981 1838 1125 1920 Persas,
1143 1836 1323 1908 Armenos
1343 1861 1534 1909 commune
1554 1837 1640 1909 olim
1660 1863 1739 1911 exs-

137 1966 230 2053 titit,
253 1967 436 2067 etiamque
455 1968 552 2065 apud
571 1967 769 2040 hodiernos
789 1970 920 2041 Persas
940 1967 1008 2041 sub
1028 1969 1144 2040 forma
1162 1964 1245 2074 >lep
1268 1968 1305 2040 in
1324 1995 1393 2042 usu
1412 1974 1611 2043 servatur¹.

209 2206 316 2280 Alius
335 2214 502 2303 Ἀφραὲιτης
520 2219 658 2306 martyr
676 2208 773 2301 (373)
793 2233 814 2280 a
837 2207 1068 2280 Theodoreto
1095 2221 1411 2295 commemoratur,
1434 2209 1581 2282 natione
1601 2211 1737 2309 pariter

136 2343 266 2427 Persa,
289 2340 351 2439 qui
371 2342 533 2413 Edessae
557 2353 593 2413 et
613 2339 830 2413 Antiochiae
855 2340 968 2412 vitam
993 2340 1285 2414 anachoreticam
1314 2341 1428 2441 egit².
1452 2342 1569 2415 Huius
1594 2368 1736 2417 memo-

135 2474 227 2547 riam
258 2474 386 2546 Graeei
415 2473 474 2546 die
502 2473 550 2544 29
583 2472 755 2561 ianuarii,
777 2485 860 2573 post
889 2484 1069 2572 martyres
1100 2473 1310 2547 Edessenos
1339 2487 1375 2547 et
1409 2486 1575 2548 sanctum
1609 2477 1736 2549 Barsi-

134 2633 296 2691 maeum,
319 2606 532 2705 episcopum
561 2607 741 2689 Edessae,
764 2606 941 2679 recolunt.
969 2610 1011 2678 ln
1040 2632 1191 2679 romano
1225 2608 1488 2708 martyrologio
1517 2609 1665 2707 pariter,
1697 2624 1734 2682 at

133 2739 193 2811 die
213 2739 370 2838 septimo
389 2738 537 2838 aprilis,
559 2738 745 2811 indicitur.

208 2961 281 3034 Sed
300 2961 522 3059 Aphraatcm
543 2973 707 3032 nostrum
728 2959 799 3032 alio
820 2959 928 3031 modo
949 2958 1120 3032 Iacobum
1142 2960 1301 3033 vidimus
1326 2961 1564 3059 appellatum,
1589 2965 1734 3037 nomine

133 3093 267 3192 quippe
294 3093 508 3178 christiano,
538 3094 635 3192 quod
659 3095 784 3166 forsan
803 3094 850 3166 ad
869 3095 1023 3167 alterum
1045 3097 1260 3186 pontilicium
1284 3093 1490 3166 adiunxerit
1514 3093 1733 3192 baptismate

133 3239 299 3325 recepto,
320 3227 378 3299 vel
405 3227 524 3326 magis
550 3227 696 3325 quando
720 3227 768 3299 ad
788 3226 1078 3299 ecclesiasticum
1105 3227 1261 3324 gradum
1287 3240 1481 3325 provectus
1506 3240 1574 3300 est.
1598 3231 1732 3300 Notum

132 3373 189 3433 est
203 3371 327 3433 autem
344 3359 482 3432 similes
501 3359 687 3432 nominum
707 3359 928 3432 mutationes
947 3373 1010 3432 aut
1029 3359 1304 3458 adsumptiones
1324 3359 1533 3459 abantiquo
1552 3360 1732 3460 hodieque

133 3494 229 3592 apud
256 3493 463 3568 Orientales
489 3493 747 3591 frequentari³.
772 3496 974 3590 Utcumque
1002 3517 1061 3564 res
1081 3505 1154 3578 est,
1178 3492 1274 3563 haud
1304 3491 1454 3565 dubium
1480 3492 1624 3566 videtur
1650 3520 1731 3567 esse

134 3627 220 3724 quin
239 3653 285 3701 ex
304 3652 347 3699 eo
367 3627 585 3726 cognomine
604 3639 707 3699 ortus
727 3626 836 3699 luerit
855 3651 956 3698 error
975 3650 1047 3723 quo
1068 3623 1188 3697 lacobi
1212 3623 1409 3721 Aphraatis
1435 3650 1546 3723 opera
1572 3651 1638 3724 pro
1665 3652 1732 3725 ge-

133 3760 255 3832 nuinis
275 3759 397 3833 lacobi
418 3759 583 3833 Nisibeni
603 3760 749 3858 seriptis
769 3758 1011 3843 obtinuerint,
1033 3757 1137 3830 ouius
1157 3757 1292 3854 scripta
1312 3756 1410 3829 nulle
1431 3782 1642 3854 superesse,
1665 3759 1732 3831 ad·

132 3918 261 3966 versus
287 3893 514 3967 Gennadium
544 3894 826 3991 respondentes,
856 3891 1110 3976 ostendemus;
1138 3903 1200 3962 aut
1228 3889 1337 3961 etiam
1367 3890 1498 3963 Iacobo
1529 3894 1730 3990 Sarugensi

134 4025 412 4124 imputarentur,
439 4027 643 4097 Assemano
674 4037 833 4098 auctore.
863 4027 967 4097 Hune
996 4025 1129 4122 quippe
1156 4044 1241 4105 usur·
1259 4059 1355 4093 em
1391 4024 1562 4098 Iacobum
1593 4027 1732 4098 Docto·

135 4185 226 4244 rem,
254 4159 355 4231 illum
383 4184 470 4231 vero
492 4181 533 4241 με
553 4195 648 4230 ιω.
670 4157 841 4230 lacobum
870 4159 1046 4256 Magnum
1076 4156 1196 4229 solent
1221 4156 1423 4254 appellare;
1450 4157 1583 4230 Iacobo
1609 4172 1730 4231 autem

134 4291 309 4390 hphraati
329 4292 487 4389 pertinet
505 4291 634 4363 titulus
655 4290 840 4389 Sapientis
860 4292 1006 4362 Persae.
1097 4335 1099 4339 <

206 4532 312 4604 Alius
340 4531 449 4604 etiam
478 4544 602 4604 noster
627 4530 818 4604 habendus
845 4542 901 4603 est
927 4556 968 4601 ae
996 4528 1168 4613 lacobus,
1190 4541 1328 4627 martyr
1352 4530 1389 4600 in
1409 4530 1534 4604 Persia
1563 4533 1631 4604 sub
1661 4535 1729 4605 Sa-

135 4690 218 4761 pore
244 4666 294 4750 ll,
317 4663 450 4762 aliique
474 4664 596 4749 multi,
620 4663 765 4736 nomine
789 4663 944 4735 maxime
970 4661 1177 4761 promiscuo
1205 4662 1257 4733 sio
1284 4663 1500 4761 nuncupati,
1528 4664 1729 4763 dequibus

136 4816 206 4864 non
225 4804 281 4865 est
300 4817 432 4890 operae
451 4792 607 4889 pretium
627 4792 664 4863 in
684 4792 867 4890 praesenti
888 4792 1082 4891 inquirere.

193 5035 201 5069 ⁴
218 5030 362 5107 Vullers,
376 5029 520 5093 Leeicon
529 5033 831 5114 persico-latinum,
850 5033 994 5109 Bonnae,
1012 5037 1103 5108 1864,
1120 5041 1143 5095 t.
1162 5032 1205 5109 11,
1220 5055 1252 5116 p.
1267 5037 1340 5108 673,
1358 5053 1385 5095 c.
1403 5038 1437 5109 23
1454 5033 1481 5096 l.
1499 5033 1537 5095 B.
1553 5034 1726 5113 Abbeloos,

135 5138 215 5200 Aeta
230 5141 340 5201 saneti
349 5137 470 5214 Moris,
485 5137 638 5202 Analecta
652 5137 871 5215 bollandiana,
887 5147 910 5201 t.
926 5139 979 5215 lv,
997 5143 1088 5215 1885,
1103 5162 1156 5223 pp.
1172 5144 1225 5215 86,
1243 5145 1314 5215 103,
1332 5145 1399 5202 105.
1416 5141 1466 5204 Cf.
1484 5141 1585 5204 Tacit.
1601 5142 1726 5206 Annal.

135 5243 187 5308 tib.
205 5246 248 5322 11,
268 5252 299 5319 1,
315 5249 349 5320 2;
365 5245 420 5309 lib.
438 5245 496 5320 vl,
515 5249 568 5319 31,
586 5249 639 5322 32,
657 5246 732 5308 eun.
748 5241 907 5323 Lemaire,
926 5251 1016 5321 1819,
1033 5255 1057 5307 t.
1075 5244 1103 5320 1,
1120 5268 1174 5330 pp.
1194 5249 1264 5322 158,
1284 5251 1355 5321 159,
1373 5251 1442 5309 573.

191 5352 368 5416 'Historia
388 5353 624 5431 ecclesiastiea,
642 5351 698 5415 lib.
716 5352 774 5428 IV,
792 5374 819 5416 e.
834 5376 915 5415 xxm
933 5353 1040 5435 (xxiv).
1058 5350 1145 5414 Patr.
1163 5353 1221 5415 Gr.
1236 5363 1259 5415 t.
1277 5352 1441 5429 LXXXII,
1459 5375 1486 5416 e.
1505 5360 1596 5430 11853
1613 5355 1728 5419 Philo·

135 5458 238 5537 eleos,
253 5480 281 5522 e.
298 5481 368 5522 vnr.
384 5459 465 5522 Ibid.
484 5480 510 5521 e.
533 5464 712 5523 1368-1377.

192 5567 204 5604 ³
220 5566 293 5629 vid.
310 5565 338 5627 J.
355 5565 393 5637 B.
410 5565 572 5628 Abbeloos
591 5574 623 5627 et
642 5566 702 5629 Th.
724 5566 834 5649 Lamy,
854 5566 1007 5650 Gregorii
1025 5566 1233 5628 Bar-hebraee·
1253 5566 1436 5629 Chronicon
1456 5571 1724 5651 ecclesiasticum,

135 5679 158 5733 t.
173 5672 199 5747 l,
216 5696 247 5757 p.
267 5676 337 5747 1913
355 5681 379 5734 t.
396 5671 439 5748 ll,
456 5695 488 5756 p.
505 5677 574 5735 377.
593 5709 632 5719 -
653 5674 836 5753 Assemani,
858 5673 1060 5736 Bibliotheca
1083 5675 1268 5751 oru'entalis,
1286 5683 1309 5738 t.
1332 5674 1369 5737 11.
1388 5675 1528 5739 Dissert.
1549 5677 1589 5739 de
1609 5677 1727 5741 Mono-

11 5820 12 5823 ,
134 5778 284 5859 phycitis,
302 5800 371 5863 cap.
388 5802 451 5856 vn,
468 5779 517 5842 De
532 5782 712 5843 mutatione
725 5783 875 5843 nominis.
