4120 6456
722 512 967 576 hPHRhATlS
989 511 1144 576 OPERA.
1648 536 1739 578 xxvn

140 704 246 788 etta,
270 714 381 798 prout
404 701 520 801 exigit
543 700 746 774 litterarum
772 702 880 787 ordo,
903 701 1174 800 praeposuisse.
1200 704 1297 774 Haec
1323 714 1445 773 autem
1472 701 1541 774 suh
1568 703 1638 775 fine
1665 705 1741 776 De-

139 834 416 907 monstrationis
441 834 642 934 vigesimac
669 835 870 920 secundae,
895 859 987 934 qnae
1007 834 1044 906 in
1064 832 1271 907 armeniaco
1298 833 1421 906 deficit
1448 835 1663 934 exemplari,
1686 835 1741 908 le-

140 979 288 1067 guntur.
324 967 382 1039 nd
418 967 618 1040 secundum
654 981 910 1067 argumentum
947 968 1044 1066 quod
1079 967 1232 1051 attinet,
1269 967 1446 1040 Gennadii
1487 968 1740 1042 auctoritatem

138 1099 394 1173 aestimatione
423 1113 460 1173 et
487 1112 671 1173 momento
703 1126 770 1173 suo
802 1100 897 1174 infra
928 1101 1208 1199 perpendemus.
1233 1101 1390 1173 Causam
1419 1113 1542 1173 autern
1570 1100 1740 1173 librarius

139 1259 311 1306 armenus
330 1234 409 1332 ipse
427 1233 632 1333 «prudenti
652 1233 780 1307 lectori
798 1261 816 1304 1
834 1233 1001 1319 tradidit,
1020 1232 1067 1305 ob
1087 1258 1196 1331 quarn
1217 1257 1424 1306 sermonem
1443 1233 1545 1305 illum
1564 1237 1604 1307 de
1623 1236 1741 1307 Schis-

139 1379 227 1439 mete
247 1365 330 1438 aliis
350 1365 537 1438 subiunxit
556 1394 563 1436 :
582 1366 667 1465 quia
687 1392 816 1464 nempe
836 1366 882 1438 ad
903 1366 1191 1466 interrogantem
1211 1391 1284 1437 non
1303 1365 1373 1437 luit
1387 1366 1603 1465 rescriptas,
1623 1392 1740 1465 neque

137 1499 288 1572 adeum
313 1499 465 1586 missus3
490 1528 508 1570 u
531 1511 709 1585 attamen,
732 1499 867 1598 inquit,
892 1499 977 1598 qnia
1004 1525 1124 1572 sermo
1152 1511 1208 1571 est
1233 1502 1354 1592 anagni
1378 1503 1460 1585 ciri,
1487 1524 1560 1571 non
1586 1499 1740 1573 aestimo

136 1657 218 1705 esse
247 1632 376 1705 inutile
396 1633 428 1704 si
448 1632 763 1733 subiungatur...²
788 1636 803 1697 t
826 1635 881 1704 De
908 1632 1097 1731 scriptoris
1125 1631 1235 1705 etiarn
1261 1631 1470 1705 charactere
1498 1645 1534 1704 et
1560 1632 1740 1732 dignitate

135 1764 272 1839 indicia
293 1765 390 1837 haud
410 1766 574 1863 prolecto
594 1764 751 1838 obscura
770 1792 814 1838 ex
834 1765 961 1839 eadem
981 1765 1136 1863 epistola
1156 1765 1264 1838 modo
1285 1764 1530 1851 excussimus,
1549 1791 1739 1864 quaecum

136 1898 324 1971 nonnullis
350 1911 555 1972 ceterarum
579 1898 671 1972 loeis
700 1899 850 1985 collata,
873 1897 1138 1971 contradicenti
1166 1896 1300 1970 lacient
1326 1896 1447 1969 fidem.
1476 1900 1666 1970 Postremo
1692 1899 1739 1971 ad

136 2030 322 2104 scribendi
352 2033 530 2104 rationem
559 2032 656 2131 quod
689 2033 838 2118 attinet,
866 2031 1075 2105 nullatenus
1107 2031 1264 2117 videtur,
1296 2042 1472 2129 quantum
1504 2030 1542 2102 in
1570 2031 1738 2104 dissimili

137 2163 292 2236 materia
310 2176 346 2236 et
365 2163 530 2237 subiecto
551 2164 701 2262 reperiri
724 2177 867 2264 posset,
887 2165 980 2236 inter
1000 2163 1357 2237 Demonstrationem
1376 2163 1554 2236 decimam
1575 2177 1740 2262 quartam

138 2309 172 2368 et
192 2308 338 2369 ceteras
358 2296 432 2369 stili
453 2309 515 2369 aut
537 2297 636 2370 modi
661 2298 838 2371 interesse
864 2297 1126 2395 discrepantia,
1149 2322 1242 2395 quae
1262 2297 1373 2368 alium
1394 2295 1593 2395 quemlihet
1612 2310 1740 2371 aucto-

139 2455 213 2501 rem
242 2429 412 2528 detegat,
435 2456 480 2502 ne
510 2430 546 2502 in
575 2431 782 2504 armeniaea
809 2430 955 2530 quidem
985 2429 1157 2502 editione.
1185 2431 1354 2516 Ceteras,
1381 2443 1527 2528 praeter
1554 2431 1737 2516 ultimam,

138 2575 289 2660 superat
310 2563 435 2661 utique
455 2563 680 2661 prolixitate3
699 2564 879 2662 quaedam
903 2564 1054 2661 insuper
1077 2561 1228 2661 praehet
1252 2562 1455 2661 singularia
1475 2576 1510 2636 et
1529 2565 1651 2662 privas
1674 2590 1741 2636 vo-

139 2720 217 2781 ces,
238 2721 306 2768 seu
324 2698 409 2783 ἅπαξ
426 2701 588 2795 λεγόμενα.
605 2698 713 2793 Quod
732 2709 854 2769 autem
874 2711 1058 2795 superest,
1077 2697 1241 2769 eamdem
1261 2721 1411 2795 prorsus
1431 2697 1660 2785 methodum,
1679 2724 1741 2770 so-

140 2828 245 2901 litum
267 2829 476 2927 Scripturae
496 2829 736 2929 proferendae
757 2830 917 2916 modurn,
935 2830 1100 2903 eamdem
1121 2829 1297 2902 orationis
1317 2841 1432 2902 artem
1453 2843 1488 2902 et
1509 2830 1738 2919 industriam,

141 2988 260 3060 neque
275 2962 348 3034 alia
363 2975 471 3061 atque
488 2963 524 3035 in
544 2963 676 3036 ceteris
696 2962 862 3060 exempla
881 2962 1038 3036 adducta
1058 2961 1196 3060 prodit3
1220 2960 1352 3060 quibus
1372 2962 1547 3035 adversus
1567 2964 1740 3037 Antonel·

139 3094 212 3166 lum
242 3095 367 3168 statim
394 3096 570 3169 iudicabit
599 3096 713 3169 lector
740 3094 1072 3169 Demonstrationis
1098 3122 1158 3166 mv
1185 3094 1440 3167 auctoritatem
1467 3094 1567 3167 nulla
1593 3095 1741 3167 omnino

141 3229 282 3302 ratione
303 3229 340 3301 in
360 3229 511 3302 dubium
531 3255 640 3329 posse
660 3230 745 3327 poni
756 3232 780 3302 ³.

213 3364 365 3460 lneepta
389 3388 484 3436 nunc
509 3361 791 3437 concertationis
810 3374 1027 3462 argumenta
1051 3361 1183 3459 repetit
1203 3361 1426 3460 Aphraates,
1445 3375 1481 3435 et
1505 3361 1542 3434 in
1561 3365 1743 3434 Demons-

140 3494 299 3568 tratione
319 3495 446 3594 quinta
465 3495 606 3569 decima
623 3499 664 3568 de
683 3499 775 3570 Cibis
796 3494 978 3567 iudaicam
1002 3494 1209 3567 institutum
1233 3494 1480 3567 distinctionis
1505 3494 1668 3567 ciborum
1693 3494 1744 3566 ir-

142 3628 252 3701 ritum
272 3653 372 3715 esse,
391 3627 564 3728 ipsosque
585 3629 739 3702 ludaeos
758 3627 972 3726 reprobatos
993 3641 1028 3699 et
1047 3627 1207 3725 pollutos
1227 3628 1465 3701 demonstrat.

216 3761 355 3834 Eadem
373 3762 433 3834 via
452 3762 615 3860 disputat
635 3761 671 3834 in
690 3760 1010 3834 Demonstratione
1035 3772 1137 3832 sexta
1156 3759 1297 3832 decima
1315 3763 1355 3833 de
1374 3764 1531 3835 Gentium
1552 3765 1739 3843 vocatione,

142 3920 234 3992 quae
256 3919 322 3993 per
341 3894 526 3968 Christum
547 3895 627 3967 loeo
647 3894 864 3967 ludaeorum
883 3893 1055 3966 sullectae
1076 3906 1173 3966 sunt.

214 4031 257 4099 ln
282 4027 423 4100 decima
443 4028 598 4125 septima
617 4030 657 4100 de
676 4031 810 4100 Christo
828 4031 889 4099 Dei
906 4031 1011 4114 Filio,
1032 4027 1193 4100 ostendit
1213 4030 1334 4100 lesum
1354 4027 1431 4100 iure
1450 4052 1607 4125 vereque
1627 4029 1744 4098 Deum

143 4172 178 4231 et
192 4159 261 4233 Dei
278 4160 411 4232 Filium
430 4160 606 4258 appellari
625 4160 758 4234 debere
778 4172 814 4233 et
834 4161 991 4248 adorari,
1010 4160 1047 4232 in
1067 4187 1138 4259 quo
1158 4161 1371 4259 prophetiae
1387 4159 1628 4233 messianieae
1644 4184 1745 4232 com-

145 4292 265 4390 pletae
285 4307 381 4366 sunt.

216 4426 372 4499 ludaeos
398 4452 525 4500 rursus
551 4427 796 4501 continentiae
828 4426 1076 4500 obtrectantes
1104 4427 1140 4498 in
1168 4428 1488 4500 Demonstratione
1517 4426 1743 4526 duodevige-

143 4559 235 4633 sima
250 4562 291 4632 de
309 4564 512 4654 Virginitate
526 4559 665 4661 arguit,
684 4574 720 4633 et
735 4559 829 4659 legis
845 4559 961 4658 ipsius
977 4559 1153 4657 exemplis
1169 4559 1330 4632 ostendit
1344 4561 1550 4634 castitatem
1571 4558 1744 4658 coniugio

144 4693 410 4790 praeeminere,
432 4708 469 4766 et
487 4694 671 4767 hominem
691 4697 768 4766 Deo
787 4693 999 4794 virginitate
1018 4693 1180 4791 placere,
1204 4719 1296 4791 qnae
1322 4694 1457 4765 donum
1477 4691 1744 4766 inaestimabile

144 4839 218 4911 est,
236 4839 272 4899 et
291 4827 507 4926 angelorum
527 4828 741 4901 similitudo.

216 4965 332 5034 Docet
353 4961 389 5033 in
406 4961 723 5035 Demonstratione
742 4962 1019 5061 undevigesima
1034 4974 1151 5033 contro
1166 4964 1307 5033 ltulccos
1327 4963 1472 5033 cluentes
1491 4986 1526 5032 sc
1544 4986 1614 5032 ease
1633 4962 1742 5032 (leuno

204 5243 212 5280 ⁴
229 5243 406 5319 Antonelli,
421 5243 537 5306 Sancti
548 5246 663 5309 Patria
677 5246 789 5308 Iacobi
801 5247 946 5329 episcopi
957 5245 1110 5310 Nisibeni
1120 5246 1304 5323 Sermones,
1323 5267 1353 5328 p.
1369 5248 1438 5306 402.

205 5349 431 5413 ²Conterenda
451 5360 526 5414 sunt
539 5351 610 5414 loca
624 5352 914 5415 Demonstrationis
932 5375 1000 5427 mv,
1018 5357 1054 5414 13
1069 5361 1101 5414 et
1117 5356 1153 5413 14
1169 5355 1225 5434 (cc.
1241 5357 1300 5414 ube
1317 5354 1418 5435 seqq.)
1435 5372 1507 5413 curn
1524 5376 1550 5427 r,
1568 5356 1605 5413 18
1618 5354 1672 5435 (co.
1689 5357 1739 5429 41,

139 5457 287 5536 44111111,
302 5463 317 5519 1
334 5458 370 5538 (c.
386 5458 468 5540 137);
482 5481 547 5536 xiv,
565 5463 612 5534 16,
622 5468 652 5522 et
665 5464 703 5521 39
718 5461 774 5541 (cc.
788 5465 847 5522 6011
860 5480 949 5542 seqq.
964 5467 996 5521 et
1007 5462 1077 5541 684)
1090 5480 1160 5521 cum
1174 5482 1216 5534 vr,
1232 5465 1246 5520 1
1263 5460 1318 5539 (cc.
1332 5460 1587 5541 240seqq.);x1v
1601 5462 1745 5541 (10.6δῖ-

144 5562 213 5643 11601
234 5584 305 5625 cum
321 5587 348 5639 1,
368 5570 405 5626 15
425 5565 463 5637 lc.
481 5568 546 5648 36),
563 5575 595 5628 et
616 5566 678 5628 alia
699 5568 730 5628 in
754 5566 1088 5629 Demonstrationihus
1110 5589 1132 5628 11
1156 5575 1187 5628 et
1210 5589 1244 5639 x,
1263 5586 1343 5649 quae
1368 5565 1437 5648 ipse
1463 5565 1563 5627 lector
1590 5566 1741 5649 reperiet3

147 5670 280 5733 maxime
293 5691 370 5733 vero
384 5670 474 5734 loeus
493 5694 558 5748 xiv,
576 5678 614 5735 36
635 5675 671 5755 (c.
689 5674 757 5755 11114)
774 5694 844 5735 cum
864 5696 959 5751 xviri,
976 5678 995 5735 4
1012 5674 1053 5757 (p.
1070 5676 1155 5755 828),
1172 5693 1266 5755 quem
1287 5671 1399 5735 saltem
1419 5672 1558 5756 diligens
1572 5671 1745 5735 translator

146 5773 296 5842 debuerat
310 5778 571 5843 animadvertere.
