4120 6456
333 522 408 562 nvnr
858 499 1104 564 PRAEFATIO
1126 536 1165 546 -
1186 498 1328 564 CAPUT
1351 497 1406 561 lll.

336 688 396 775 11;
417 715 491 772 xiv,
513 688 590 782 11);
613 688 745 787 impios
763 713 850 761 vero
870 701 992 761 manet
1021 720 1038 755 «
1063 713 1161 760 mors
1191 688 1352 761 secunda
1381 719 1397 754 n
1424 687 1532 786 plena
1554 687 1661 760 lletus
1686 701 1723 761 et
1749 687 1931 761 cruciatus

332 823 553 912 (Demonstr.
572 847 655 907 vin,
677 821 806 908 l93v1,
826 822 892 917 18).

409 1017 465 1088 16.
485 1020 525 1089 16
539 1016 622 1089 61113
638 1018 824 1090 doetrinae
840 1016 1039 1116 capitibus,
1057 1016 1268 1090 testimonia
1287 1017 1496 1116 suppeditat
1511 1017 1718 1116 Aphraates
1737 1016 1782 1090 de
1802 1041 1932 1090 neces-

333 1150 440 1222 sitate
460 1175 610 1247 operum
629 1150 825 1236 bonorum,
844 1151 922 1224 sine
942 1150 1075 1251 quihus
1093 1151 1185 1225 lides
1205 1150 1308 1224 irrita
1324 1164 1380 1224 est
1395 1153 1619 1243 (Demonstr.
1639 1177 1669 1235 ι,
1689 1152 1737 1239 3),
1756 1150 1931 1223 ieiunium
2053 1226 2054 1231 ,

332 1308 405 1355 666
431 1296 622 1382 acceptum
648 1286 870 1376 (Demonstr.
897 1312 956 1371 ιιι,
979 1287 1028 1378 8),
1051 1284 1168 1358 oratio
1194 1284 1363 1358 inefficax
1383 1288 1604 1378 (Demonstr.
1628 1311 1681 1367 ιν,
1708 1284 1774 1378 14).
1798 1283 1932 1382 Aliqua
2053 1312 2054 1343 ι

334 1416 444 1489 etiam
468 1416 657 1491 doctrinae
681 1418 829 1490 moralis
850 1430 886 1491 et
905 1418 1120 1515 disciplinae
1139 1430 1274 1516 puncta
1293 1418 1500 1503 confirmat,
1522 1430 1563 1491 ut
1585 1417 1932 1490 excommunicatio-

333 1575 417 1622 nem
443 1562 478 1622 et
504 1551 765 1648 paenitentiam
791 1551 974 1650 publicam
998 1554 1220 1641 (Demonstr.
1243 1578 1316 1636 xiv,
1339 1552 1416 1645 44),
1439 1550 1614 1625 ieiunium
1641 1550 1798 1648 paschae
1824 1574 1932 1648 prae·
2053 1544 2054 1605 Ῠ

334 1682 550 1756 mittendum
569 1687 791 1777 (Demonstr.
813 1713 882 1769 xn,
909 1687 982 1781 13),
1004 1685 1162 1782 paschae
1188 1685 1365 1758 sollemne
1390 1684 1622 1784 pervigilium
1648 1687 1759 1777 (idid.)
1784 1696 1820 1756 et
1845 1709 1932 1782 azy·

334 1841 475 1889 morum
494 1817 721 1914 paschalium
741 1843 845 1891 esum
866 1819 961 1891 inter
976 1818 1205 1892 Christianos
1224 1821 1320 1911 (ibid.
1338 1820 1374 1905 8,
1396 1818 1465 1914 11),
1483 1818 1578 1917 legis
1598 1818 1869 1890 observantiam
1888 1817 1932 1889 de

334 1975 407 2022 non
426 1950 651 2024 comedendo
671 1952 852 2052 sanguine
872 1952 1082 2025 animalium
1102 1955 1321 2044 (Demonstr.
1341 1979 1425 2038 xm,
1443 1951 1496 2047 1),
1515 1977 1596 2025 cum
1616 1951 1698 2024 aliis
1718 1976 1810 2051 quae
1831 1951 1932 2050 prius
2053 2026 2054 2029 ,

334 2082 406 2155 iam
425 2082 544 2156 obiter
562 2085 681 2183 posui.
706 2085 815 2158 Plura
835 2085 944 2158 etiam
965 2085 1122 2184 reperiet
1141 2085 1256 2158 lector
1274 2086 1312 2157 in
1331 2085 1450 2158 indice
1471 2109 1603 2158 rerum.

407 2217 633 2290 Testimonia
652 2218 764 2291 tradit
778 2219 822 2291 de
838 2219 1110 2316 perseverantia
1130 2219 1271 2318 gratiae
1292 2219 1552 2292 charismatum
1572 2221 1793 2311 (Demonstr.
1808 2245 1853 2304 ιι,
1870 2218 1928 2290 19.

335 2349 391 2422 Cs.
403 2375 452 2435 vr,
468 2350 537 2443 11).
555 2352 718 2424 Tandem
738 2352 859 2451 aliqua
878 2352 1054 2425 diiudicat
1073 2352 1168 2424 inter
1187 2366 1356 2425 auctores
1376 2366 1627 2439 controversa,
1647 2352 1786 2425 scilicet
1806 2351 1932 2424 ludam

335 2482 602 2555 Eucharistiam
621 2510 693 2557 non
713 2485 899 2584 accepisse
915 2488 1136 2579 (Demonstr.
1153 2513 1223 2571 xn,
1240 2487 1294 2581 6);
1313 2486 1350 2558 id
1370 2500 1492 2558 autem
1512 2486 1602 2558 ordo
1620 2511 1740 2558 rerum
1759 2486 1797 2557 in
1817 2488 1933 2557 Even·
2053 2526 2054 2535 ι

333 2614 431 2714 gelio
449 2615 686 2690 Diatessaron
707 2619 854 2691 suadet*
869 2648 877 2705 ;
895 2618 1027 2692 deinde
1048 2644 1175 2691 cenam
1190 2618 1410 2691 dominicam
1430 2619 1467 2690 in
1483 2631 1589 2691 noete
1609 2644 1702 2717 quae
1723 2618 1818 2691 inter
1838 2617 1934 2691 deci·

334 2772 433 2820 mum
464 2749 611 2822 tertium
638 2764 674 2823 et
699 2752 879 2824 decimum
911 2766 1080 2850 quartum
1109 2752 1205 2824 diem
1231 2752 1440 2825 intercessit
1470 2766 1655 2851 peractam
1681 2752 1813 2836 suisse;
1836 2750 1935 2850 quod
2053 2768 2054 2785 ¹

334 2905 407 2952 non
432 2894 575 2955 tantum
602 2884 783 2958 inseram
814 2898 976 2969 noctem,
996 2886 1061 2958 sed
1091 2885 1182 2984 ipsis
1214 2885 1402 2959 matutinis
1428 2885 1547 2972 horis,
1570 2899 1654 2959 ante
1684 2885 1928 2985 gallicinium,

335 3013 470 3086 sactum
504 3016 618 3089 luisse
651 3017 849 3091 arbitratur
878 3022 1008 3113 (ibid),
1038 3019 1186 3091 tandem
1222 3018 1408 3092 Christum
1444 3019 1607 3117 seipsum
1642 3018 1933 3092 communicasse
2053 3076 2054 3087 ,

338 3149 468 3241 (ibid),
486 3174 579 3247 quae
599 3151 841 3225 Orientalium
861 3151 985 3251 opinio
1006 3153 1098 3225 est².

411 3282 603 3380 Magorum
634 3284 761 3371 etiam,
790 3285 1103 3370 Manichaeorum,
1133 3285 1389 3358 Gnosticorum
1413 3285 1582 3384 prohihet
1613 3284 1765 3358 artificia
1791 3284 1934 3357 occulta
2053 3292 2054 3297 ’

338 3424 449 3496 nexa,
472 3428 597 3515 turpes
612 3418 862 3516 operationeS,
880 3418 1122 3492 divinationes
1142 3428 1269 3518 1103»,
1288 3432 1325 3492 et
1343 3419 1609 3492 incantationes
1629 3439 1689 3499 tam
1711 3421 1932 3511 (Demonstr.

336 3579 365 3637 1,
393 3552 448 3624 19.
471 3551 525 3624 Cl.
548 3578 608 3637 111,
626 3551 680 3646 9),
703 3550 835 3651 quibus
852 3552 956 3624 vivos
974 3552 1175 3650 purificari,
1198 3566 1433 3651 mortuosque
1454 3552 1724 3626 contendebant
1742 3551 1903 3624 liberari.

412 3773 465 3846 17.
488 3775 536 3846 Ut
554 3773 701 3846 tandem
721 3772 931 3846 absolvatur
946 3773 1036 3846 haec
1057 3774 1257 3874 exploratio
1278 3775 1323 3847 dc
1343 3774 1541 3873 Aphraatis
1561 3774 1727 3847 doctrina
1747 3773 1932 3857 instituta,

337 3906 553 4005 relinquitur
574 3919 614 3978 ut
636 3907 714 3978 6163
739 3905 957 3979 sententiam
976 3932 1222 4007 proponamus
1245 3908 1289 3980 de
1314 3908 1505 3982 duratione
1526 3907 1664 3980 mundi.
1689 3912 1729 3979 ln
1753 3910 1935 3980 Demens·
2053 3906 2054 3909 '

337 4041 493 4113 tratione
513 4066 558 4126 ιι,
581 4040 641 4125 14,
660 4065 704 4112 ex
731 4065 774 4112 eo
794 4040 875 4112 loco
902 4040 1124 4137 psalmorum
1149 4066 1301 4114 exorsus
1324 4071 1331 4113 :
1353 4045 1448 4114 Mille
1466 4044 1650 4114 ueniente
1669 4044 1781 4113 oculos
1799 4044 1937 4113 Domini

337 4177 426 4245 sicut
448 4175 623 4245 hesternus
647 4175 717 4244 dies
737 4175 797 4267 qui
814 4177 995 4267 proeteriit
1015 4177 1089 4266 (rs.
1111 4201 1154 4246 xe
1174 4179 1343 4268 [nxxxm],
1362 4177 1415 4270 4),
1438 4186 1624 4248 asseverat
1644 4199 1683 4246 se
1708 4200 1729 4246 a
1748 4172 1936 4273 magistris

338 4306 524 4404 accepisse
547 4337 563 4370 «
587 4306 780 4391 mundum,
805 4306 899 4378 sicut
921 4306 1016 4379 intra
1039 4332 1103 4380 sex
1125 4308 1204 4380 dies
1226 4334 1248 4381 a
1271 4309 1349 4381 Deo
1374 4308 1596 4381 constitutus
1618 4320 1692 4392 est,
1718 4307 1769 4379 ita
1788 4308 1823 4378 in
1848 4332 1936 4380 con-

339 4438 581 4512 summatione
602 4463 666 4511 sex
685 4438 839 4511 millium
864 4464 1041 4512 annorum
1066 4441 1226 4514 solutum
1249 4442 1309 4524 iri,
1329 4442 1562 4540 futurumque
1589 4440 1789 4514 Sabbatum
1811 4440 1880 4513 Dei
1901 4440 1936 4511 in
2053 4514 2054 4529 ,

339 4571 615 4644 similitudinem
644 4597 725 4645 esse
753 4572 895 4645 sabbati
920 4575 1018 4671 quod
1043 4599 1106 4646 sex
1130 4574 1260 4647 diebus
1287 4574 1482 4647 creationis
1512 4573 1690 4647 successit
1718 4602 1735 4643 ι)
1765 4572 1832 4665 (Cl.
1862 4575 1936 4644 De·
2053 4560 2054 4569 ¹

340 4719 491 4777 monstr.
513 4731 589 4790 xxi,
618 4706 685 4798 ll).
709 4690 1352 4781 8661661166616161166666163631
1376 4708 1592 4781 ludaeorum
1612 4706 1774 4791 traditi0,
1797 4706 1834 4777 in
1855 4706 1936 4779 Tal-

339 4838 447 4911 mude
478 4838 536 4911 his
557 4838 679 4911 verbis
708 4839 925 4939 consignata
947 4869 954 4911 :
978 4838 1079 4917 amhn
1101 4849 1180 4915 661.
1199 4839 1287 4919 ent-r
1308 4865 1354 4915 nn
1376 4849 1443 4915 eru
1464 4838 1539 4917 uta
1559 4849 1642 4916 nutu
1661 4838 1751 4915 invia
1771 4864 1851 4914 nm
1872 4865 1936 4913 ar:

340 5000 347 5043 z
365 4981 572 5046 6611661661
589 4970 689 5048 nante
706 4981 867 5047 arerem
884 4972 984 5050 6616
1001 4982 1130 5049 tiaran
1153 5007 1169 5041 «
1193 4975 1356 5048 Traditio
1377 4988 1433 5047 est
1453 4975 1582 5048 domus
1609 4975 1709 5047 Eliae
1735 5000 1799 5047 sex
1823 4974 1937 5046 millia

339 5131 516 5178 annorum
544 5107 718 5179 mundum
745 5132 826 5180 esse
856 5107 1068 5181 duraturum
1091 5136 1098 5178 :
1121 5107 1179 5180 bis
1207 5109 1305 5180 mille
1331 5108 1536 5194 inanitatis,
1560 5108 1617 5181 bis
1645 5108 1743 5181 mille
1769 5107 1883 5207 legis,
1902 5119 1937 5178 et

340 5239 397 5312 bis
417 5239 515 5312 mille
535 5239 675 5311 dierum
696 5241 852 5313 Messiac
872 5274 887 5306 ι
901 5244 926 5312 ³.
946 5240 1086 5313 Similia
1106 5241 1215 5314 etiam
1234 5241 1431 5340 Aphraatis
1449 5241 1572 5314 verbis
1592 5241 1706 5314 habes
1721 5242 1758 5313 in
1775 5240 1936 5314 hlidrash

401 5442 858 5528 1Τ6116ιι.6.ιιιιι,ρ.80.-
879 5444 992 5507 Matth.
1014 5450 1171 5520 616615.
1192 5481 1232 5491 -
1253 5445 1320 5507 leh.
1342 5468 1417 5521 xm,
1439 5449 1542 5508 30-32.
1564 5482 1603 5493 -
1624 5445 1724 5509 blare.
1746 5468 1810 5525 xiv,
1833 5448 1882 5507 22.
1899 5480 1937 5490 -

340 5549 454 5613 Matth.
471 5572 545 5625 xxv,
562 5554 611 5612 26.

400 5656 502 5721 ²Vid.
520 5656 702 5732 Renaudot,
719 5657 945 5743 Licurgiarum
961 5660 1170 5722 orientalium
1185 5660 1347 5737 collectio,
1365 5670 1387 5723 t.
1406 5658 1435 5735 l,
1452 5681 1483 5742 p.
1501 5665 1571 5722 116.

400 5763 567 5828 ³Gemara
588 5764 783 5842 Sanhedrin,
800 5765 884 5850 apud
899 5765 1095 5841 Fabricium,
1116 5766 1227 5830 Codex
1240 5767 1551 5851 pseudepigraphos
1573 5767 1607 5831 V.
1631 5767 1678 5846 T.,
1695 5777 1717 5830 t.
1734 5767 1761 5844 l,
1778 5789 1810 5851 p.
1829 5770 1916 5829 1079.
