4120 6456
302 496 405 537 xxvrn
840 471 1084 535 PRAEFATIO
1105 504 1147 520 -
1168 470 1310 535 CAPUT
1333 469 1372 532 ll.

303 665 570 756 conprepcudos,
600 686 664 735 eos
693 659 909 758 reprobatos
940 672 975 732 et
1009 657 1295 732 irrevocabiliter
1326 682 1408 731 csse
1439 656 1644 754 dispersos,
1672 668 1708 730 et
1738 655 1902 729 Danielis

303 795 532 894 prophetiam
552 794 709 893 explicat
728 793 774 866 de
794 793 1029 893 septuaginta
1048 789 1341 865 hebdomadibus
1360 802 1396 862 et
1415 790 1461 863 dc
1480 788 1622 863 excidio
1642 787 1898 886 lerosolymae.

377 931 543 1027 Sequens
557 926 828 1001 Demonstratiu
846 926 1026 1025 vigesima
1044 930 1085 999 de
1103 928 1355 998 sustentatione
1368 947 1578 1018 pauperum,
1598 946 1672 994 non
1691 935 1902 995 controver-

304 1061 418 1145 sialis,
437 1061 502 1134 sed
518 1061 649 1133 iterum
667 1058 899 1159 paraenetica
914 1071 980 1132 est.
1003 1061 1213 1158 Egenorum
1232 1084 1320 1131 cura
1337 1058 1472 1131 veteris
1492 1069 1528 1130 et
1547 1081 1662 1130 novae
1681 1055 1776 1154 legis
1795 1079 1902 1153 prae-

303 1194 419 1292 ceptis
439 1206 474 1267 et
494 1192 670 1291 exemplis
689 1192 978 1266 commendatur.

377 1331 418 1399 ln
436 1326 617 1425 vigesima
636 1324 752 1423 prima
771 1328 811 1398 dc
829 1327 1078 1409 Persecuticnc,
1104 1324 1248 1397 ludaeis
1269 1324 1418 1408 iterum,
1441 1321 1732 1395 Christianorum
1752 1320 1902 1419 religio*

304 1486 386 1534 nem
406 1460 452 1533 ob
472 1483 667 1558 perpessas
684 1457 897 1531 vexationes
917 1455 1222 1555 improbantibus,
1245 1455 1459 1554 respondet,
1482 1479 1546 1527 eoa
1565 1453 1666 1552 ipsos
1685 1464 1901 1551 argumento

302 1596 347 1666 cd
371 1595 539 1665 homiuem
563 1591 762 1665 ostendens
787 1589 1022 1691 castigationi
1042 1603 1077 1663 et
1098 1589 1264 1662 servituti
1283 1588 1438 1661 traditos
1458 1613 1558 1671 esse,
1581 1586 1746 1686 exempla
1770 1585 1901 1659 deinde

303 1726 459 1799 allerens
482 1726 661 1799 iustorum
685 1724 827 1821 priscae
851 1723 963 1822 legis,
986 1722 1047 1822 qui
1071 1721 1364 1821 persecutionem
1390 1719 1598 1805 subierunt,
1620 1744 1662 1792 ac
1682 1731 1899 1818 martyrum,

304 1858 365 1957 qui
385 1883 451 1956 pro
471 1857 618 1931 Christo
636 1856 887 1929 testimonium
907 1856 1097 1928 dederunt.

302 2125 411 2199 bitur.
431 2126 530 2197 Mors
550 2122 657 2195 iustis
676 2147 749 2194 non
769 2135 825 2194 est
843 2121 1019 2207 timenda,
1037 2132 1163 2218 utpote
1179 2145 1200 2192 a
1215 2119 1363 2193 Christo
1383 2119 1543 2205 devicta3
1562 2117 1761 2191 novissima
1780 2131 1902 2191 tamen

302 2256 478 2331 debemus
497 2255 633 2355 iugiter
652 2254 849 2340 recordari,
868 2269 904 2328 et
924 2254 1121 2327 multorum
1140 2253 1318 2352 exemplis
1337 2253 1496 2340 edoceri,
1514 2265 1555 2325 ut
1573 2278 1638 2351 per
1657 2265 1811 2324 mortem
1830 2276 1902 2324 non

302 2391 349 2462 ad
382 2388 560 2488 supplicia
593 2388 658 2461 sed
688 2388 733 2460 ad
765 2387 966 2486 praemium
997 2387 1233 2461 adducamur.
1264 2387 1330 2459 llic
1354 2387 1561 2485 Aphraates
1589 2387 1720 2486 viginti
1749 2387 1902 2458 duarum

303 2522 539 2620 epistolarum
560 2520 773 2594 recensione
793 2545 999 2594 sermonem
1019 2520 1166 2593 claudit.

377 2655 550 2729 Omnium
576 2666 815 2751 postremam,
838 2665 875 2726 et
901 2666 1003 2725 extra
1031 2653 1164 2726 seriem
1192 2652 1377 2750 alphabeti
1403 2653 1577 2752 positam,
1603 2653 1661 2725 vel
1692 2653 1823 2726 melius
1846 2658 1905 2726 olo

304 2789 435 2862 iterum
456 2788 657 2886 signatam,
674 2789 715 2860 dc
733 2790 849 2871 Acioc,
871 2812 936 2859 seu
955 2789 995 2859 de
1014 2790 1250 2860 Benedicticuc
1268 2813 1355 2882 quoe
1374 2793 1412 2860 in
1429 2790 1561 2882 priscas
1579 2791 1812 2880 penerutiouea
1832 2813 1903 2860 mu-

303 2927 415 3007 uccit,
436 2908 562 2994 auctor
581 2918 884 3018 praecedentibus
904 2942 1000 2992 anno
1020 2920 1186 3018 sequenti
1212 2917 1417 3005 subiunxit,
1439 2932 1479 2991 ut
1498 2919 1766 2993 demonstraret
1788 2919 1903 2994 bene-

303 3054 499 3127 dictionem
519 3053 557 3125 in
576 3052 711 3151 populo
731 3052 843 3124 lsrael
863 3078 928 3150 per
946 3052 1082 3126 Christi
1103 3053 1359 3151 progenitores
1379 3051 1424 3125 ab
1444 3053 1561 3125 Adam
1581 3052 1628 3125 ad
1648 3052 1833 3127 Christum
1852 3058 1903 3126 ai-

302 3201 358 3259 cut
376 3212 524 3280 proriam
544 3190 582 3258 in
603 3188 692 3258 botro
713 3195 893 3257 servatam
909 3185 1040 3272 luisse,
1057 3197 1092 3257 et
1108 3185 1287 3257 iustorum
1306 3184 1534 3258 orationibus
1553 3185 1728 3283 populum
1747 3186 1903 3259 salutem

303 3331 540 3392 consecutum
563 3317 695 3405 suisse;
718 3318 802 3390 dein
834 3330 1046 3390 cunctarum
1072 3319 1352 3417 generationum
1378 3318 1552 3391 describit
1578 3319 1729 3405 seriem,
1750 3332 1786 3392 et
1809 3333 1903 3393 tcm-

302 3478 431 3550 porum
455 3451 782 3550 computationem,
806 3451 921 3523 donec
946 3449 1152 3524 benedictio
1178 3479 1198 3524 a
1222 3451 1358 3549 populo
1382 3450 1504 3524 ablata
1528 3451 1702 3551 gentibus
1725 3452 1904 3526 transier-

303 3599 415 3658 retur.
434 3588 511 3657 lloc
531 3610 617 3657 vero
638 3597 695 3657 est
715 3597 1083 3682 supramemoratum
1104 3588 1195 3679 Opus
1213 3588 1487 3678 chronologicum
1507 3585 1716 3684 Aphraatis.
1736 3588 1822 3658 Post
1843 3585 1903 3657 illa

303 3743 508 3792 sermonem
529 3717 688 3815 colligit,
711 3730 746 3789 et
766 3717 834 3789 Dei
855 3717 1055 3814 potentiam
1076 3731 1111 3790 et
1131 3717 1359 3791 maiestatem
1378 3718 1515 3817 hymno
1535 3717 1714 3804 celebrat,
1736 3744 1778 3792 ac
1798 3717 1904 3791 deni-

303 3877 373 3950 que
393 3851 525 3923 sratres
544 3863 585 3921 ut
604 3851 721 3921 Deum
741 3849 894 3921 timeant
914 3849 1142 3923 adhortatur.

375 4092 411 4162 8.
434 4089 573 4174 Habea,
595 4088 709 4160 lector
728 4087 905 4186 benigne,
929 4087 1050 4160 lacobi
1069 4088 1283 4186 Aphraatis,
1304 4089 1488 4188 Sapientis
1509 4092 1660 4172 Persae,
1678 4089 1903 4163 lucubratio-

303 4249 382 4310 nes,
398 4249 463 4295 seu
477 4232 654 4294 tractatus
668 4233 744 4292 tres
759 4245 869 4318 supra
882 4221 1032 4319 viginti,
1051 4221 1111 4319 qui
1128 4222 1345 4318 scriptorum
1360 4223 1482 4321 gentis
1497 4248 1585 4296 suae
1601 4224 1902 4323 librariorumque

302 4352 513 4427 testimonio
534 4351 670 4424 nomini
690 4352 769 4424 cius
789 4351 1019 4425 addicuntur.
1039 4353 1138 4425 Licet
1158 4355 1230 4426 iam
1249 4379 1270 4426 a
1290 4354 1433 4427 nemine
1458 4355 1554 4454 apud
1579 4381 1646 4429 nos
1670 4381 1795 4428 eorum
1814 4381 1903 4428 auc·

302 4490 431 4563 toritas
450 4488 486 4559 in
507 4487 656 4560 dubium
675 4500 838 4573 vocetur,
860 4501 1038 4573 attamen,
1057 4500 1097 4560 ut
1116 4487 1234 4560 omnis
1256 4488 1417 4585 suspicio
1437 4501 1498 4561 aut
1519 4488 1728 4588 ambigendi
1750 4489 1903 4562 materia

302 4622 498 4705 derivetur,
517 4621 764 4694 controversia
783 4621 971 4693 Gennadio
992 4621 1171 4694 movenda
1191 4634 1247 4693 cst
1263 4634 1298 4692 ct
1313 4646 1461 4693 armeno
1481 4621 1625 4694 cuidam
1642 4622 1799 4709 auctori,
1816 4650 1902 4722 quo-

303 4781 382 4827 rum
396 4754 485 4826 vitio
496 4766 532 4825 ct
547 4753 652 4851 culpa
665 4753 861 4851 Aphraatis
877 4755 1038 4851 genuina
1054 4780 1165 4852 opera
1179 4753 1310 4826 lacobo
1326 4753 1501 4827 Nisibeuo
1517 4754 1663 4827 addicta
1678 4754 1796 4841 lucre,
1811 4755 1902 4826 adeo

302 4900 364 4971 ut,
387 4911 469 4958 cum
498 4886 542 4958 de
569 4911 656 4959 vero
683 4913 806 4959 eorum
835 4900 983 4959 auctore
1014 4888 1175 4960 nondum
1201 4886 1306 4959 facile
1335 4900 1537 4973 constaret,
1560 4888 1627 4959 riri
1659 4888 1757 4959 docti
1784 4889 1901 4959 Anto·

303 5019 388 5091 uelli
408 5031 444 5091 et
461 5019 546 5091 Sim.
566 5020 777 5106 Assemani,
797 5020 888 5093 salsa
908 5020 970 5092 illa
988 5021 1160 5118 opinione
1180 5020 1341 5117 decepti,
1360 5021 1483 5118 plures
1502 5019 1665 5093 vicissim
1685 5021 1901 5093 auctoritate

303 5178 370 5225 sua
390 5153 577 5251 hucusque
598 5154 807 5252 deceperint
821 5158 846 5225 ¹.

376 5285 584 5359 Gennadius
608 5286 734 5386 igitur,
758 5287 793 5358 in
814 5286 907 5360 libro
927 5291 966 5360 de
984 5291 1211 5382 Scriptoribus
1237 5291 1487 5373 ecclesiastirir,
1509 5314 1580 5386 quo
1600 5288 1813 5387 Hieronymi
1838 5315 1900 5362 ca·

363 5536 370 5570 ¹
392 5535 560 5596 Assemani
577 5536 792 5617 (Bibliotheca
809 5535 1001 5613 (lrientalia,
1021 5543 1044 5596 t.
1062 5534 1090 5609 l,
1108 5557 1139 5618 p.
1157 5539 1196 5595 20
1214 5538 1315 5618 seqq.)
1334 5557 1431 5619 opera
1450 5558 1468 5597 a
1488 5536 1654 5599 Gennadic
1668 5546 1833 5599 numerata
1853 5537 1902 5598 la·

301 5641 380 5704 cobo
406 5642 581 5725 Sarugensi
605 5643 830 5726 adscripscrat.
855 5641 1051 5704 Sententiam
1076 5652 1186 5725 postea
1208 5642 1341 5705 mutavit
1359 5642 1524 5724 [addenda
1543 5653 1573 5706 et
1592 5642 1798 5727 corrigenda,
1817 5642 1900 5706 Ibt'd.

300 5770 354 5831 pp.
372 5752 524 5829 att-558),
539 5761 573 5813 ut
590 5750 699 5812 eadem
713 5749 866 5813 Nisibeno
879 5747 1081 5823 concederet,
1097 5748 1166 5810 sola
1180 5748 1300 5811 codicis
1315 5750 1484 5811 armeniaci
1499 5752 1686 5813 auctoritate
1702 5760 1818 5813 motus.
