4120 6456
322 494 388 534 cxu
851 470 1094 534 PRAEFATIO
1117 471 1320 536 —CAPUT
1343 469 1398 534 lll.

397 663 521 732 Monet
531 671 653 733 autem
665 658 783 746 Elias,
796 684 987 732 numerum
998 659 1094 732 hunc
1107 659 1198 732 nulli
1210 660 1272 732 alii
1287 685 1331 733 ex
1345 659 1557 757 praemissis
1570 685 1591 732 a
1603 686 1644 733 se
1660 665 1930 760 supputationi-

321 793 391 866 bus
401 792 614 879 convenire,
628 792 694 865 sed
705 791 958 865 tantummodo
967 792 1014 865 ad
1025 806 1235 890 computum
1246 792 1463 866 ludaeorum
1473 792 1582 865 huius
1591 795 1722 868 aetatis
1733 798 1927 884 accedere,

323 960 340 993 «
366 927 467 1025 quia,
486 926 620 1025 inquit,
637 951 682 998 ex
704 950 829 998 eorum
857 924 983 998 codice
1008 925 1223 1024 desumptus
1249 925 1331 999 fuit.
1355 926 1572 998 ludaeorum
1594 939 1717 1000 autern
1740 932 1931 1028 exemplar

322 1060 478 1133 mendax
493 1030 565 1146 Δθεῖ,
580 1070 621 1130 ut
640 1057 727 1130 alibi
747 1058 916 1131 ostendi:
937 1061 976 1125 »⁴
999 1079 1098 1139 μω
1118 1090 1184 1136 sco
1204 1089 1254 1137 κει
1269 1094 1415 1158 φωρ)
1438 1081 1514 1139 uzu
1529 1097 1562 1156 a·
1581 1079 1639 1158 ,A
1654 1082 1715 1130 »aa
1732 1078 1746 1138 a
1765 1082 1841 1142 aar.»
1859 1084 1930 1144 a„

322 1192 398 1275 χαῖα)
412 1214 476 1276 χορ
491 1201 575 1274 hos-3
589 1190 628 1268 rol
644 1206 693 1252 ἰοί·
710 1192 725 1250 ll
743 1194 838 1275 biom·
858 1192 930 1274 ἰὼ)
953 1194 1038 1288 iujo
1059 1193 1190 1274 50le
1209 1193 1274 1286 laq
1296 1213 1329 1272 ρ
1353 1209 1441 1274 ⁴²⁸³?
1465 1211 1530 1249 νοῦ
1546 1195 1602 1255 lm
1621 1196 1690 1255 [²³1³
1713 1197 1808 1278 laicos·
1828 1196 1928 1281 <gn-fs

395 1307 501 1377 Errat
522 1302 718 1401 aliquando
738 1302 942 1399 Aphraates
966 1302 1002 1373 in
1022 1301 1278 1401 chronologia,
1295 1301 1467 1374 videlicet
1488 1327 1571 1374 cum
1591 1303 1930 1402 Teglathphalasar

321 1450 404 1536 post
429 1436 662 1509 Salmanasar
684 1447 812 1508 contra
835 1436 948 1508 lsrael
973 1435 1185 1508 ascendisse
1209 1435 1260 1507 ait
1285 1438 1507 1527 (Demonstr.
1531 1462 1575 1522 11,
1597 1437 1651 1530 9);
1674 1449 1710 1509 et
1730 1462 1927 1536 perperam

320 1570 366 1643 ab
382 1595 425 1643 eo
440 1569 685 1667 respiciuntur
703 1569 783 1641 loca
804 1571 835 1640 ll
859 1571 933 1663 (IV)
955 1569 1233 1667 Reg.xv111,9,
1255 1568 1317 1654 1ος
1334 1595 1394 1653 xv,
1413 1568 1478 1654 29,
1497 1571 1562 1640 etl
1584 1569 1720 1643 Chron.
1739 1597 1774 1657 v,
1792 1572 1833 1658 6,
1852 1572 1923 1657 26,

319 1729 402 1776 cum
419 1703 651 1776 salmanasar
671 1714 753 1799 post
768 1700 1100 1800 Teglathphalasar
1119 1700 1342 1800 regnaverit,
1360 1700 1542 1799 huiusque
1558 1701 1727 1776 incursus
1742 1704 1789 1777 ad
1803 1729 1926 1778 annos

319 1836 424 1936 regni
445 1836 586 1908 Phacee
606 1860 651 1907 ex
670 1834 749 1932 ipsa
770 1833 958 1931 Scriptura
977 1833 1106 1906 referri
1126 1833 1270 1906 debeat.

393 1969 475 2042 Alia
495 1969 539 2041 de
559 1968 720 2041 iudicum
739 1967 904 2064 imperio,
923 1966 968 2039 de
989 1992 1103 2066 regno
1125 1966 1259 2052 Saulis,
1279 1966 1323 2039 de
1341 1966 1504 2064 principe
1523 1968 1629 2066 Tyri,
1648 1969 1692 2041 de
1713 1969 1924 2043 sacerdotio

320 2101 476 2175 Phineas
496 2101 663 2199 superius
683 2104 732 2198 (p.
749 2106 783 2195 a)
804 2100 893 2174 satis
913 2099 1126 2173 denuntiata
1147 2111 1244 2171 sunt.

395 2316 452 2387 19.
476 2318 639 2388 lamvero
662 2314 859 2412 Aphraatis
881 2313 989 2385 stilus
1012 2325 1048 2385 et
1071 2313 1202 2386 modus
1225 2311 1409 2385 scribendi
1432 2312 1680 2386 venerabilem
1702 2315 1811 2387 etiarn
1830 2343 1923 2415 pro-

317 2450 376 2523 cul
404 2447 513 2521 dubio
543 2446 796 2547 antiquitatem
823 2446 962 2545 resipit.
986 2446 1114 2521 Oratio
1138 2447 1351 2546 plerumque
1384 2445 1539 2519 candida
1563 2459 1599 2519 et
1626 2446 1801 2534 dilucida,
1831 2448 1922 2523 licet

317 2582 517 2669 interdum,
536 2581 612 2654 sive
634 2580 781 2679 propria
807 2580 913 2679 culpa
936 2579 1148 2665 scribentis,
1167 2580 1242 2652 sive
1265 2578 1450 2666 codicum,
1468 2592 1509 2652 ut
1532 2579 1787 2666 ostendemus,
1806 2581 1917 2665 vitio,

319 2714 491 2813 perplexa
506 2715 553 2786 sit
568 2727 604 2787 et
622 2713 830 2787 obcaecata.
850 2712 1043 2812 hequabili
1063 2725 1181 2785 tractu
1197 2713 1385 2785 consuevit
1406 2713 1544 2811 eloqui,
1562 2738 1707 2812 unoque
1726 2726 1853 2788 tenore
1873 2741 1921 2790 ac

315 2848 436 2946 specie
457 2848 501 2920 de
521 2847 646 2920 multis
666 2873 775 2945 saepe
796 2846 989 2920 disserere.
1009 2845 1197 2919 Verbosus
1218 2845 1420 2919 secundum
1440 2846 1683 2920 Orientalium
1703 2848 1871 2934 modum,
1895 2876 1919 2922 a

314 2981 502 3079 proposito
526 2979 743 3080 digreditur,
767 2980 887 3052 autin
909 2979 1036 3052 cadem
1058 2978 1254 3077 aliquando
1280 2979 1491 3051 revolvitur.
1515 2982 1784 3078 Nonnunquam
1805 2982 1919 3054 etiam

314 3112 537 3186 subtilitates
559 3112 698 3185 miscet.
726 3115 986 3186 Verumtamen
1013 3110 1207 3185 artificium
1234 3110 1397 3197 dicendi,
1421 3111 1674 3210 sermonisque
1701 3126 1917 3187 ornamenta

313 3272 386 3319 non
406 3247 554 3318 omnino
574 3246 727 3345 refugit,
749 3258 784 3318 et
804 3245 1049 3344 eloquentiam
1073 3244 1212 3343 profert
1235 3243 1340 3343 quasi
1366 3257 1496 3341 sponte
1517 3270 1561 3317 ex
1580 3243 1690 3317 rebus
1709 3245 1799 3343 ipsis
1824 3272 1917 3320 ena-

313 3390 403 3464 tam,
438 3404 537 3465 cum,
567 3377 670 3451 verbi
697 3404 825 3463 causa,
856 3378 941 3451 fidei
969 3377 1131 3450 celebrat
1158 3377 1314 3450 virtutes
1346 3380 1568 3470 (Demonstr.
1601 3405 1631 3464 1,
1669 3380 1743 3473 18),
1772 3378 1915 3477 Deiquc

311 3510 554 3608 perfectiones
581 3512 721 3610 prolixo
748 3511 889 3584 cantico
916 3510 1057 3584 extollit
1083 3513 1304 3603 (Demonstr.
1329 3537 1436 3605 xxm,
1459 3511 1537 3605 59),
1563 3535 1646 3583 cum
1669 3511 1780 3584 etiam
1800 3511 1914 3584 maris

311 3645 506 3717 transitum
531 3657 676 3718 enarrat
700 3647 922 3737 (Demonstr.
946 3671 978 3729 1,
1004 3645 1076 3735 15),
1095 3645 1212 3716 Aman
1238 3643 1405 3741 increpat
1428 3645 1648 3734 (Demonstr.
1669 3670 1728 3728 111,
1753 3643 1826 3738 ΙΙΟ),
1849 3660 1915 3718 aut

312 3776 497 3849 Christum
524 3777 662 3850 inducit
691 3777 798 3850 morti
826 3776 862 3848 in
889 3776 1016 3849 inferis
1042 3775 1250 3849 obviantem
1270 3778 1494 3867 (Demonstr.
1516 3802 1608 3860 xxn,
1630 3777 1679 3870 4).
1703 3776 1776 3849 Sed
1802 3790 1838 3850 et
1856 3789 1915 3850 to·

311 3923 385 3982 tam
400 3910 493 3981 hanc
509 3910 867 3982 Demonstrationcm
881 3909 1099 4009 vigesimam
1115 3908 1312 3982 secundam
1335 3912 1375 3981 de
1393 3914 1498 3981 Morte
1518 3921 1550 3980 et
1569 3911 1771 3982 Novissimia
1792 3909 1914 4008 splen-

311 4041 451 4114 didiore
472 4041 556 4114 stilo
573 4041 719 4114 videtur
738 4041 917 4141 pinxisse,
939 4055 1113 4141 tanquam
1132 4041 1185 4115 rei
1209 4040 1462 4140 magnitudine
1482 4053 1685 4113 commotus
1706 4054 1742 4114 et
1762 4042 1914 4116 instinc-

310 4187 382 4246 tus.
408 4176 633 4248 Ornamenta
665 4186 786 4248 autem
814 4187 850 4247 et
873 4175 1200 4260 conformationes,
1224 4173 1357 4273 quibus
1384 4174 1434 4246 ita
1463 4174 1665 4247 sententias
1695 4173 1909 4261 illustravit,

310 4307 620 4405 eScripturarum
640 4308 840 4395 thesauris,
863 4335 1017 4407 quorum
1037 4309 1128 4382 miro
1148 4307 1257 4381 modo
1282 4306 1564 4405 intelligentiam
1589 4320 1808 4380 consecutus
1833 4322 1909 4395 est,

308 4440 521 4539 plerumque
542 4440 755 4539 desumpsit.
1756 4535 1758 4540 .

381 4573 419 4645 Si
440 4573 485 4646 de
505 4574 633 4674 lingua
652 4574 841 4673 scriptoris
860 4601 956 4647 nunc
977 4586 1186 4674 quaeratur,
1209 4573 1270 4672 qui
1295 4572 1452 4672 primum
1477 4572 1571 4644 inter
1596 4572 1760 4672 syriacos
1780 4576 1910 4647 Patres

307 4703 426 4778 locum
450 4706 608 4791 obtinet,
631 4707 843 4806 profitemur
867 4734 950 4782 eum
973 4709 1106 4781 litteris
1125 4705 1305 4780 aramaeis
1325 4706 1522 4804 plurimum
1537 4705 1721 4790 conferre,
1740 4731 1909 4779 sermone

306 4863 327 4909 a
351 4840 556 4940 peregrinis
579 4841 768 4915 vocabulis
793 4842 954 4930 sincero,
977 4842 1028 4914 ita
1050 4853 1091 4914 ut
1114 4865 1232 4940 neque
1257 4851 1429 4912 extranea
1453 4838 1576 4937 origo,
1593 4838 1738 4912 nomine
1763 4839 1909 4938 signifi·

306 4984 399 5057 cata,
415 4973 569 5069 persicis
588 4974 664 5047 fere
682 4975 768 5048 ullis
786 4975 938 5048 vocibus
958 4974 1145 5073 prodatur,
1167 4998 1285 5072 neque
1304 4971 1470 5046 odiosam
1490 4970 1589 5043 illam
1609 4985 1753 5045 exserat
1770 4997 1902 5045 vocum

305 5103 564 5179 admixtionem
584 5107 810 5181 arabicarum
830 5121 867 5182 et
885 5132 1101 5208 graecarum
1122 5106 1293 5192 maxime,
1316 5104 1448 5204 quibus
1474 5103 1631 5176 seriores
1656 5103 1820 5204 linguam
1844 5105 1903 5177 in-

304 5236 516 5327 farcientes,
544 5266 749 5314 sermonem
786 5242 968 5341 syriacum
994 5267 1015 5314 a
1042 5240 1226 5338 primaeva
1257 5238 1416 5337 puritate
1448 5236 1671 5310 deiecerunt.
1699 5238 1807 5310 Nulla
1835 5237 1908 5311 alia

304 5371 509 5468 Aphraates
523 5375 729 5473 usurpavit,
744 5375 814 5447 nisi
830 5374 976 5447 biblicis
991 5372 1197 5458 codicibus,
1211 5385 1274 5446 aut
1289 5397 1328 5445 re
1342 5369 1491 5443 militari
1510 5381 1547 5441 et
1564 5384 1768 5443 mercatura
1786 5370 1907 5469 syria·

304 5503 356 5577 cis
370 5505 502 5579 littoris
518 5507 590 5579 iam
606 5508 766 5594 invecta,
785 5508 907 5608 qualia
921 5523 1040 5613 &Qut
1062 5516 1251 5605 etaqqtncv,
1277 5527 1353 5607 aa,
1374 5504 1526 5589 brattea,
1551 5521 1658 5582 tam
1675 5511 1782 5601 νόμος,
1808 5502 1905 5589 ιρι-’λ

364 5736 372 5774 ⁴
393 5737 448 5803 W.
466 5738 616 5823 Wright‚
638 5739 703 5803 The
721 5739 879 5803 Homifiea
894 5739 1146 5823 asspirante,
1164 5760 1195 5822 p.
1210 5742 1259 5801 39.
