4120 6456
314 478 368 518 xiv
860 448 1103 513 PRAEFATIO
1124 484 1164 494 —
1186 448 1328 513 CAPUT
1351 448 1376 512 l.

390 645 464 714 Nos
478 655 600 713 tamen
616 638 857 711 remorabitur
870 637 1062 710 Athanasii
1077 637 1193 723 locus,
1213 638 1248 709 in
1270 636 1425 736 epistola
1445 638 1644 737 encyclica,
1660 640 1707 712 ad
1725 640 1916 738 episcopos

315 776 489 875 Aegypti,
508 798 602 845 anno
617 773 687 844 356
708 771 857 868 scripta,
881 771 916 841 in
937 797 1008 869 qua
1028 772 1196 843 doctores
1216 770 1417 843 catholicos
1436 797 1523 844 suae
1544 772 1676 844 aetatis
1695 772 1831 845 arianis
1851 799 1917 871 op-

316 935 473 1008 ponens,
503 906 672 981 lacobum
702 931 784 978 cum
817 905 949 978 ceteris
981 905 1266 1003 Mesopotamiae
1297 906 1480 1004 episcopis
1512 907 1683 979 distincte
1714 908 1878 979 nominat
1907 936 1914 976 :

316 1042 464 1114 ’tenedo
493 1044 546 1112 καὶ
574 1052 636 1111 τῶν
663 1045 713 1110 σὺν
743 1049 825 1129 αὐτῷ
857 1054 918 1109 τῶν
948 1042 1007 1110 ἀπὸ
1033 1053 1089 1121 τῆς
1120 1046 1211 1135 μέσης
1243 1054 1305 1109 τῶν
1336 1043 1518 1136 ποταμόν’.
1548 1039 1619 1111 Sed
1651 1065 1732 1112 cum
1765 1040 1918 1113 lacobus

317 1176 523 1273 Aphraates
543 1199 617 1245 non
637 1173 674 1244 in
690 1171 975 1271 Mesopotamiae
996 1172 1161 1271 regione,
1180 1172 1244 1244 sed
1266 1172 1302 1243 in
1322 1172 1487 1259 Perside,
1507 1198 1572 1245 seu
1592 1173 1629 1244 in
1648 1172 1817 1245 confiniis
1839 1177 1920 1245 Per-

318 1332 440 1380 sarum
460 1319 496 1378 et
516 1308 771 1389 Romanorum,
796 1302 1027 1390 habitaverit,
1050 1326 1167 1402 neque
1188 1306 1297 1377 etiarn
1316 1305 1493 1378 adversus
1509 1306 1666 1378 Arianos
1686 1306 1917 1406 pugnaverit,

318 1454 572 1538 praeterquam
592 1437 689 1535 quod
709 1435 904 1509 nonnullos
924 1434 1148 1509 Athanasius
1168 1438 1346 1537 appellat,
1370 1438 1431 1536 qui
1451 1439 1546 1511 inter
1565 1437 1762 1537 scriptores
1782 1465 1921 1537 nequa-

319 1598 427 1672 quam
460 1582 729 1670 computantur,
753 1595 825 1640 non
854 1568 1061 1641 necessario
1088 1584 1239 1667 apparet
1267 1571 1490 1669 Aphraatem
1516 1571 1562 1644 ab
1591 1571 1793 1644 Athanasio
1822 1572 1921 1644 desi-

320 1705 445 1805 gnari,
467 1705 588 1803 magis
611 1728 698 1775 vero
719 1700 890 1774 Iacobum
917 1701 1148 1787 Nisibenum,
1176 1703 1237 1800 qui
1265 1703 1420 1777 concilio
1448 1704 1609 1776 Nicaeae
1636 1704 1864 1787 interfuisse,
1886 1716 1922 1776 et

324 1838 549 1911 orthodoxae
571 1836 757 1908 doctrinae
777 1835 952 1907 adversus
973 1835 1100 1906 Arium
1122 1835 1257 1907 vindex
1281 1836 1480 1908 acerrimus
1505 1836 1692 1909 exstitisse
1713 1837 1859 1909 dicitur.

394 2089 429 2157 3.
454 2086 527 2159 Sed
555 2085 647 2159 haec
679 2085 723 2156 de
756 2083 940 2183 Sapientis
972 2087 1103 2156 Persae
1137 2084 1369 2183 homonymis
1401 2085 1498 2157 dicta
1530 2085 1726 2157 sulliciant.
1750 2088 1854 2158 Nunc
1879 2086 1924 2157 dc

322 2219 476 2321 originis
501 2219 582 2291 loco
607 2231 643 2291 et
668 2231 832 2315 tempore
856 2216 962 2289 nobis
987 2218 1170 2315 agendum
1196 2230 1264 2290 est.
1288 2221 1412 2316 Ipsum
1437 2244 1529 2315 opus
1553 2231 1739 2291 auctorem
1764 2219 1923 2316 prodite

323 2351 523 2452 gentilibus
550 2350 766 2452 parentibus
792 2350 1003 2436 oriundum,
1027 2363 1062 2421 et
1087 2350 1122 2421 in
1148 2349 1375 2422 ethnicorum
1402 2350 1566 2423 moribus
1592 2351 1748 2450 primum
1777 2352 1925 2424 institu-

323 2498 413 2558 tum.
437 2488 529 2558 Nam
556 2484 657 2556 haud
685 2508 791 2557 secus
818 2509 860 2556 ac
887 2496 1036 2555 sanctus
1063 2483 1210 2555 Simeon
1238 2482 1456 2569 Barsabael,
1482 2485 1781 2558 Deum'laudans
1807 2511 1828 2557 a
1855 2511 1925 2584 quo

324 2646 367 2692 ex
392 2645 514 2691 errore
540 2617 720 2691 idolorum
746 2617 793 2689 ad
817 2617 1007 2688 scientiam
1035 2616 1237 2688 divinitatis
1264 2617 1444 2690 adductus
1472 2617 1557 2701 luit,
1582 2617 1632 2689 ita
1659 2631 1694 2690 ct
1722 2618 1927 2716 Aphraates

327 2752 510 2824 ethnicam
543 2751 724 2849 originem
761 2749 839 2849 ipse
873 2749 1001 2833 tradit;
1038 2749 1176 2848 gaudet
1209 2750 1305 2821 enim
1337 2776 1376 2822 se
1406 2776 1427 2823 a
1460 2752 1520 2823 via
1556 2750 1721 2849 gentium
1759 2777 1926 2825 aversum

325 2885 440 2957 luisse
471 2887 695 2977 (Demonstr.
728 2910 772 2969 n,
806 2883 884 2977 20);
916 2882 1105 2979 profitetur
1136 2883 1245 2955 etiam
1278 2883 1457 2955 idolorum
1487 2885 1625 2956 cultum
1657 2909 1696 2956 se
1727 2883 1924 2981 abjecisse,

326 3032 362 3091 et
386 3018 615 3090 mendacium
643 3043 738 3089 nunc
765 3016 855 3088 illud
880 3041 1011 3087 vocare
1038 3015 1176 3112 quoda
1200 3015 1366 3112 patribus
1390 3028 1580 3115 acceperat
1600 3019 1822 3107 (Demonstr.
1846 3044 1925 3103 xvi,

328 3152 381 3243 7);
405 3153 525 3223 lesum
558 3151 686 3223 adorat
720 3149 780 3248 qui
816 3161 957 3221 mentes
988 3159 1135 3219 nostras
1171 3148 1381 3245 pervicaces
1419 3148 1464 3220 ab
1498 3148 1668 3221 omnibus
1700 3150 1929 3248 superstitio·

327 3283 434 3357 nibus
459 3284 543 3355 vani
570 3283 704 3355 erroris
731 3282 878 3367 avertit,
902 3294 938 3353 et
964 3281 1088 3353 docuit
1115 3305 1181 3351 nos
1208 3284 1326 3356 Deum
1352 3307 1481 3365 unum,
1507 3286 1650 3354 Patrem
1675 3295 1711 3355 et
1739 3286 1928 3356 Factorcm

326 3431 504 3503 nostrum,
529 3418 699 3500 adorare,
723 3429 759 3488 et
789 3414 927 3501 colere,
951 3427 987 3485 et
1016 3413 1151 3485 servire
1170 3416 1393 3506 (Demonstr.
1417 3441 1510 3498 xvn,
1539 3417 1591 3510 7);
1619 3441 1660 3488 ac
1690 3416 1839 3488 taudem
1874 3419 1930 3488 lu·

327 3551 438 3623 dacos
474 3551 608 3622 latetur
644 3549 752 3621 irasci
783 3547 898 3647 quod,
928 3546 1062 3644 inquit,
1092 3571 1159 3618 nos
1191 3572 1256 3644 pro
1288 3547 1341 3619 eis
1374 3547 1459 3620 lacti
1493 3548 1606 3619 simus
1637 3547 1815 3621 haeredes
1842 3553 1929 3641 (De-

327 3697 481 3756 monstr.
506 3710 578 3769 xvi,
597 3683 645 3776 7).

401 3816 509 3911 Quod
529 3815 574 3888 ad
596 3814 715 3886 locum
735 3812 910 3911 pertinet,
934 3812 1116 3913 Georgius
1136 3813 1330 3911 episcopus
1352 3815 1556 3913 aliquorum
1578 3815 1688 3887 refert
1713 3817 1929 3889 sententiam

327 3950 502 4022 aientium
524 3948 732 4045 Sapientem
754 3949 901 4018 Persam
922 3945 1038 4017 Nisibi
1059 3960 1320 4019 commoratum
1341 3972 1422 4019 esse
1446 3977 1453 4019 ε
1477 3968 1665 4060 <aptos
1680 3965 1792 4028 ussat
1809 3993 1848 4050 <3
1862 3967 1929 4050 ιιι.

331 4104 367 4180 ,ξ
387 4117 463 4179 agn
482 4120 524 4179 ,n
541 4099 555 4157 t
571 4116 634 4169 ,vs
655 4098 785 4178 ttottbg
806 4094 873 4157 tta-t
895 4097 990 4172 1³00?
1008 4094 1038 4157 ot
1056 4120 1062 4147 ε
1080 4093 1137 4173 <ul
1159 4120 1192 4176 ao
1214 4100 1337 4181 antea
1361 4096 1424 4163 tuat
1442 4085 1582 4181 tany«
1606 4080 1676 4155 Ubi
1697 4081 1929 4169 habitaverit,

331 4213 466 4300 Nisibi,
484 4225 525 4284 ut
546 4212 667 4283 serunt
688 4210 816 4308 aliqui,
835 4236 881 4281 an
902 4211 939 4281 in
959 4211 1030 4283 alio
1052 4212 1244 4310 regionum
1268 4212 1412 4284 illarum
1438 4214 1538 4297 loco,
1559 4214 1636 4311 ipse
1662 4215 1767 4286 nobis
1786 4216 1932 4288 minimo

330 4345 543 4419 declaravit.
567 4343 674 4414 »Sed
692 4342 738 4414 ad
757 4368 892 4415 annum
912 4345 982 4416 363
1000 4370 1134 4443 usquc,
1153 4345 1309 4419 celebris
1330 4347 1392 4420 illa
1412 4348 1542 4421 civitas
1559 4349 1733 4447 potestati
1751 4352 1933 4422 Romano-

330 4505 410 4552 rum
435 4476 583 4549 subdita
607 4475 753 4547 mansit.
775 4479 865 4549 Eum
886 4477 935 4549 ibi
956 4479 1048 4552 sorte
1068 4482 1343 4582 peregrinatum
1364 4482 1478 4555 luisse
1501 4484 1722 4557 concedetur
1746 4483 1929 4581 probanti3

333 4612 482 4683 minime
511 4634 598 4681 vero
624 4608 742 4706 potuit
772 4610 888 4682 Nisibi
914 4625 1088 4711 tanquam
1118 4615 1154 4686 in
1181 4615 1298 4712 patria
1331 4616 1417 4687 sede
1453 4615 1639 4703 habitarc3
1662 4642 1745 4689 narn
1772 4618 1889 4716 primo
1915 4644 1933 4689 c

334 4744 443 4817 certis
480 4743 841 4815 Demonstrationum
870 4744 961 4817 locis
993 4747 1201 4846 colligimus
1237 4775 1320 4820 eum
1356 4749 1424 4820 sub
1461 4750 1599 4822 ditione
1639 4750 1738 4849 regis
1775 4751 1934 4823 Persidis

331 4877 486 4960 vixisse,
509 4901 591 4948 cum
618 4901 746 4974 nempe
772 4877 981 4951 christianis
1006 4905 1027 4951 a
1054 4884 1190 4978 Sapore
1216 4882 1358 4954 vexatis
1385 4882 1546 4954 animum
1576 4883 1678 4955 addit
1704 4908 1769 4981 per
1795 4883 1934 4955 litteras
2041 4860 2042 4877 l

333 5010 517 5083 saeviente
537 5010 729 5108 tyrannide
750 5011 899 5099 missas,
918 5014 1044 5111 quinto
1071 5013 1210 5086 scilicet
1234 5027 1318 5111 post
1343 5015 1532 5087 exordium
1553 5014 1821 5113 persecutionis
1841 5042 1934 5088 anno

334 5146 788 5237 (Demorrstr.xx111,(ill);
813 5171 893 5216 cum
919 5145 1049 5216 iterum
1080 5144 1221 5241 aliquas
1245 5146 1586 5218 Demonstrationes
1613 5173 1685 5219 non
1712 5147 1829 5219 solum
1853 5174 1935 5219 acra

397 5409 404 5446 ⁸
421 5409 515 5471 Patr.
543 5410 600 5471 Gr.
618 5419 640 5472 t
659 5409 759 5473 XXV.
777 5430 804 5471 c.
822 5415 890 5473 557.

394 5518 406 5554 ³
422 5516 515 5599 Apud
532 5516 559 5578 l.
578 5517 759 5579 Overneck.
776 5518 809 5577 S.
826 5517 1010 5599 Eplrmemi
1022 5516 1109 5597 Syri,
1127 5516 1283 5579 Nebulae
1298 5521 1445 5602 episcopi
1457 5519 1628 5597 Edessenr’,
1644 5518 1767 5581 Bataei
1778 5521 1935 5582 oliorum·
2041 5554 2042 5567 π

335 5644 396 5706 que
412 5644 513 5706 opera
528 5624 663 5700 selecto,
681 5623 814 5696 (lxonii,
834 5627 925 5696 1865,
944 5644 975 5705 p.
993 5626 1066 5697 424,
1084 5622 1117 5683 ll.
1134 5630 1220 5685 9-11.

396 5732 407 5767 ³
426 5729 520 5813 Apud
537 5729 699 5813 lagarda,
718 5729 880 5791 Analecta
896 5733 1046 5809 syrt'ura,
1065 5752 1096 5813 p.
1116 5735 1187 5803 110,
1204 5730 1238 5793 ll.
1256 5736 1308 5805 28,
1326 5738 1375 5793 29.
