4120 6456
752 494 996 558 tenuantis
1016 494 1171 558 OPERA.
1671 523 1747 562 xxxr

220 685 446 783 Aphraat'cS,
463 699 504 758 ut
523 683 698 769 diximuS,
721 697 822 756 extra
844 683 935 755 lines
959 682 1123 781 Imperii,
1146 694 1182 754 et
1206 681 1275 754 sub
1302 685 1494 756 Persarum
1521 686 1661 786 degens
1686 689 1747 760 do-

152 818 306 905 minatu,
325 819 501 892 adversus
521 820 777 892 Gnosticorum
800 828 939 903 sectas,
958 816 995 888 iu
1020 815 1077 887 his
1097 814 1261 913 partibus
1281 816 1521 912 pullulantes,
1544 846 1617 892 non
1633 823 1746 895 semel

151 950 349 1038 invehitur;
367 952 586 1024 Arianorum
601 964 724 1024 autem
739 976 871 1023 nomen
883 950 942 1059 vel
958 949 1178 1035 doctrinam,
1197 948 1305 1021 etiam
1322 975 1403 1021 cum
1422 950 1503 1022 Filii
1519 951 1745 1027 divinitatem

149 1096 282 1157 tractat
301 1111 345 1157 cx
364 1085 551 1184 proposito
571 1086 656 1177 (vid.
676 1088 881 1157 Demonstr.
904 1088 1009 1175 xvn),
1028 1108 1073 1154 ue
1093 1082 1168 1154 ullo
1188 1081 1333 1180 quidem
1356 1082 1468 1155 verbo
1487 1087 1742 1187 praestringit,

148 1217 282 1327 quippe
304 1218 599 1316 quae'extremas
620 1218 746 1316 Syriae
767 1217 930 1315 persicae
951 1241 1052 1300 oras,
1070 1216 1165 1287 ultra
1186 1215 1278 1286 lines
1298 1241 1469 1289 romanae
1489 1218 1656 1305 ditionis,
1672 1247 1745 1293 non

148 1364 367 1450 pervaserat.
393 1352 528 1451 Ecquis
547 1379 632 1425 xero
653 1351 723 1423 sibi
747 1348 981 1450 persuadebit
1001 1360 1167 1421 sanetum
1187 1347 1360 1420 Iacobum
1385 1349 1619 1436 Nisibenam,
1638 1380 1744 1451 quern

149 1484 329 1557 Nicaenae
356 1484 441 1557 fidei
472 1485 701 1558 defensorem
730 1484 855 1556 dicunt
882 1480 1193 1555 studiosissimum
1220 1480 1422 1568 exstitisse,
1445 1481 1490 1554 de
1518 1483 1590 1556 fide
1617 1485 1745 1583 dispu-

148 1628 263 1703 tasse,
287 1644 404 1716 ueque
430 1617 593 1691 arianam
619 1617 800 1690 haeresim
826 1615 1041 1689 nominatim
1068 1613 1290 1711 appellasse,
1309 1626 1348 1685 ut
1369 1627 1507 1711 pestem
1528 1643 1548 1688 a
1569 1618 1646 1690 suis
1666 1644 1745 1690 ser-

148 1777 253 1822 mone
273 1750 527 1849 propulsaret?

219 1885 278 1957 nd
304 1910 486 1957 summum
516 1885 666 1958 accedat
696 1897 953 1985 argumentum
980 1907 1024 1954 cx
1050 1881 1286 1980 epistolarum
1319 1881 1516 1956 indictione
1544 1899 1741 1985 sumptum.

149 2021 241 2091 lstas
261 2018 358 2090 enim
382 2018 454 2091 iam
479 2018 579 2090 novit
598 2018 713 2090 lector
736 2018 841 2090 annis
864 2015 1041 2097 ssa-337,
1060 2015 1225 2085 tta-344
1244 2027 1280 2087 et
1300 2016 1370 2087 345
1393 2017 1619 2116 conscriptas
1643 2046 1742 2107 essc;

147 2160 296 2219 sanctus
316 2160 438 2220 autem
458 2146 612 2220 lacobus
632 2146 829 2220 Nisibenus
849 2172 944 2219 anno
964 2148 1052 2233 338,
1071 2161 1154 2246 post
1166 2148 1323 2245 primam
1345 2174 1432 2222 suae
1451 2149 1609 2224 civitatis
1629 2178 1746 2251 oppu-

147 2281 377 2379 gnationem,
394 2281 468 2355 vita
483 2281 630 2354 iunctus
645 2293 719 2365 est,
737 2293 885 2354 auctore
900 2281 1057 2379 primum
1072 2282 1276 2355 Assemauo
1293 2284 1350 2371 (ex
1365 2281 1542 2382 Dionysio
1557 2285 1746 2358 Telmaha·

147 2413 262 2500 rensi,
281 2425 317 2484 et
332 2412 514 2486 Chronico
535 2413 750 2507 Edesseno),
769 2412 901 2485 deiude
917 2414 1188 2511 spectatissimo
1202 2415 1281 2487 viro
1295 2417 1337 2523 G..
1356 2415 1513 2502 bichell,
1530 2415 1609 2515 qui,
1628 2418 1745 2489 sancti

149 2546 342 2643 Ephraemi
369 2547 584 2644 praesertim
609 2545 848 2632 testimoniis,
870 2546 1141 2620 Theodoretum
1165 2560 1201 2620 et
1221 2546 1509 2647 Philostorgium
1533 2549 1744 2635 conlutanS,

147 2704 281 2751 annum
293 2678 416 2752 obitus
437 2669 553 2752 aaneti
570 2679 709 2765 lacobi,
728 2691 764 2752 et
777 2704 901 2751 veram
917 2680 1171 2778 episcoporum
1191 2680 1449 2755 Nisibenorum
1469 2682 1599 2755 seriem
1620 2682 1748 2755 solidis

147 2813 375 2911 argumentis
395 2810 558 2884 definivit
570 2817 595 2884 ¹.

220 2945 327 3017 Fallit
358 2971 448 3045 crgo
473 2971 515 3018 ac
543 2945 679 3018 fallitur
710 2945 903 3045 presbyter
932 2946 1192 3033 massiliensis,
1214 2947 1276 3044 qui
1302 2946 1416 3020 libros
1447 2948 1597 3020 alterius
1625 2949 1747 3021 lacobi

147 3078 249 3151 alteri
269 3078 427 3164 addixit;
446 3091 482 3151 et
502 3079 633 3151 summi
654 3078 743 3150 iuris
764 3091 819 3151 est
838 3078 1050 3177 Aphraatic
1074 3078 1259 3177 Sapientis
1280 3107 1297 3149 a
1320 3105 1544 3179 cognomen,
1562 3106 1583 3152 a
1602 3081 1746 3154 nemine

147 3224 289 3308 praeter
314 3212 559 3297 Gennadium,
583 3211 714 3285 Iacobo
739 3211 932 3298 Nisiben0,
955 3210 1016 3310 qui
1043 3243 1059 3278 «
1083 3216 1280 3311 Magnus»
1307 3213 1572 3311 appellabatur,
1595 3214 1747 3312 imposi-

145 3357 240 3432 tum,
263 3345 456 3421 restituere
468 3349 493 3419 ².

218 3551 253 3621 9.
273 3551 461 3623 Mendacis
477 3550 586 3623 huius
606 3549 789 3648 opinionis
804 3549 904 3621 aliud
918 3549 1167 3621 testimonium
1188 3561 1307 3622 exstat
1322 3549 1358 3621 in
1373 3549 1610 3647 inscriptione
1630 3565 1746 3624 trans·

146 3682 293 3756 lationis
323 3683 550 3757 armeniacae
581 3708 731 3781 operum
765 3682 979 3780 Aphraatis,
1009 3680 1055 3753 ab
1086 3680 1165 3779 ipso
1197 3681 1396 3781 archetypo
1425 3682 1526 3755 brevi
1555 3684 1745 3757 intervallo

147 3830 346 3913 separatae.
368 3818 469 3890 Hanc
490 3816 623 3914 quippe
639 3815 822 3901 Venetiis,
839 3815 935 3888 cirea
955 3839 1089 3886 annum
1112 3815 1222 3901 1719,
1242 3839 1328 3887 cura
1344 3815 1441 3888 Petri
1456 3816 1685 3904 Mecbitaris,
1702 3843 1745 3890 ex

146 3962 373 4046 pervetusto,
395 3963 435 4020 ut
460 3949 581 4036 aiunt,
604 3948 801 4046 exemplari
825 3948 1050 4036 armeniaco,
1074 3950 1272 4047 aquodam
1296 3950 1556 4022 monachorum
1580 3950 1745 4049 descrip-

146 4094 238 4167 tam,
256 4095 384 4181 atque,
402 4097 534 4182 rogatu
555 4083 768 4169 Assemani,
786 4082 832 4154 ad
852 4082 1067 4155 Vaticanam
1088 4081 1353 4156 Bibliothecam
1373 4083 1661 4171 transmissam³,
1681 4085 1745 4156 Ni·

206 4278 414 4354 'Assemani
430 4278 635 4340 Bibliotheca
657 4275 850 4354 Orientalis,
867 4286 889 4339 t.
909 4275 937 4351 l,
959 4299 1012 4360 pp.
1031 4281 1078 4352 17,
1097 4280 1149 4352 183
1167 4276 1208 4339 G.
1226 4276 1361 4352 Bickell,
1386 4276 1544 4340 Carmina
1568 4277 1743 4357 Nisibenis,

146 4384 266 4447 additis
275 4386 519 4468 prolegomenis
535 4397 566 4446 et
577 4385 803 4467 supplemento
818 4385 999 4446 lexicorum
1013 4386 1236 4464 syriacorum,
1254 4383 1396 4467 Lipsiae,
1416 4388 1507 4456 1866,
1524 4406 1556 4467 p.
1573 4388 1623 4447 20.

206 4493 219 4528 ²
233 4491 315 4571 Quis
328 4492 372 4554 sit
383 4491 436 4553 ille
449 4490 583 4554 lacobus
598 4517 612 4547 a
629 4490 763 4574 Sapiens
778 4518 792 4547 s
808 4490 893 4568 qpob
907 4511 1000 4573 quem
1015 4490 1098 4553 inter
1109 4500 1141 4552 et
1154 4490 1348 4573 Gregorium
1362 4490 1611 4553 llluminatorem
1625 4511 1745 4574 cogna-

147 4599 242 4662 tionis
260 4597 423 4661 vinculum
442 4598 572 4661 Armeni
595 4597 705 4661 dieunt
725 4598 888 4660 exstitisse
912 4596 1146 4679 inexploratum
1166 4597 1366 4679 relinquitur.
1383 4596 1456 4661 Vid.
1474 4597 1647 4660 Zenobiam
1668 4597 1745 4659 Kla-

146 4726 280 4787 geusem
299 4704 384 4789 apud
400 4704 439 4768 l'.
457 4705 626 4788 LangloiS,
646 4704 822 4768 Collection
843 4703 901 4766 des
918 4704 1092 4767 historiens
1108 4706 1243 4765 enciens
1262 4717 1292 4765 et
1308 4703 1480 4766 moderncs
1495 4703 1535 4766 de
1550 4704 1746 4783 l’.lrme'nie,

147 4811 253 4887 Paris,
272 4817 359 4889 1867,
377 4833 407 4895 p.
425 4816 495 4873 343.

205 4920 217 4955 ³
233 4917 385 4982 Codicem
401 4916 490 4979 illum
507 4926 650 4981 recenset
664 4917 844 4991 basernam,
859 4917 940 4978 inter
953 4915 1078 4978 codices
1090 4916 1235 4978 arabicos
1249 4916 1462 4997 [Bibliotheca
1475 4914 1663 4994 Orientalis,
1679 4925 1702 4977 t.
1718 4916 1742 4992 l,

147 5025 251 5088 Index
271 5024 419 5087 codicum
438 5046 516 5086 mss.
532 5046 613 5107 quos
634 5036 752 5085 auctor
772 5045 814 5087 er
830 5021 962 5086 Oriente
976 5022 1121 5099 adrexit,
1137 5033 1171 5084 n⁰
1186 5045 1257 5097 xer,
1272 5044 1304 5105 p.
1319 5024 1387 5104 632)
1405 5023 1484 5084 haee
1498 5022 1635 5105 iungens
1651 5044 1657 5083 :
1674 5048 1687 5079 «
1704 5022 1743 5084 ln

143 5133 203 5212 sol.
223 5136 291 5194 132.
304 5130 415 5193 Codex
434 5131 624 5193 Armenicus
643 5130 822 5214 exscriptus
842 5151 882 5192 ex
900 5137 1083 5213 pervetusto
1102 5127 1292 5211 exemplari,
1310 5128 1396 5212 quod
1414 5137 1539 5212 prostat
1552 5129 1696 5193 Venetiis
1712 5128 1743 5188 in

148 5239 294 5322 llospitio
308 5238 537 5302 Monachorum
552 5239 779 5317 Armenorum,
796 5248 828 5301 et
842 5260 861 5300 a
875 5237 970 5300 Petro
988 5237 1154 5313 blechitar‚
1171 5238 1354 5301 eorumdem
1369 5236 1597 5299 hlonachorum
1613 5237 1742 5307 abbate,

147 5345 229 5407 done
249 5343 377 5407 oblatus
398 5344 608 5407 Sanctissimo
627 5345 764 5407 Domino
784 5344 900 5407 Nostro
918 5370 945 5405 s.
964 5343 1023 5422 (Cf.
1039 5342 1122 5405 Ibid.
1139 5365 1170 5426 p.
1189 5345 1269 5423 557.)
1287 5342 1373 5405 ldem
1392 5342 1517 5404 videtur
1536 5343 1566 5403 iu
1588 5342 1744 5423 Catalogo

147 5451 364 5515 Bibliothecae
386 5450 557 5515 Vaticauae
581 5453 641 5514 hoc
665 5450 758 5513 titulo
782 5450 974 5533 designari:
998 5476 1012 5506 a
1034 5449 1068 5512 S.
1090 5449 1203 5511 lucebi
1222 5449 1373 5514 Nisibeni
1396 5449 1583 5525 Sermones,
1606 5452 1745 5531 itemque

147 5557 297 5641 Epistola
322 5557 356 5620 S.
381 5557 534 5642 Gregorii
554 5558 793 5621 Illnminatoris
821 5557 869 5618 ad
894 5556 1041 5618 ennzdern
1067 5555 1099 5618 S.
1123 5554 1294 5630 Iacobum,
1320 5554 1435 5617 litteris
1461 5557 1606 5619 cursivis.
1633 5555 1743 5618 Codex

148 5685 257 5727 reeens
275 5692 302 5726 s.
321 5663 468 5746 [Codices
490 5665 660 5727 armeniaci
682 5663 899 5727 Bibliothecae
913 5663 1101 5738 Vaticanae,
1119 5672 1152 5723 n⁰
1172 5685 1220 5737 rx,
1238 5662 1322 5746 apud
1336 5662 1417 5739 Mai,
1435 5663 1638 5747 Scriptorum
1660 5674 1744 5724 rctc·

147 5793 219 5833 rum
234 5793 318 5834 nora
338 5770 507 5835 Collectio.
525 5769 659 5839 Romae,
678 5776 769 5845 1831,
787 5780 810 5832 1.
827 5770 866 5845 V,
884 5793 915 5854 p.
933 5771 1013 5849 242.)
