4120 6456
309 516 383 556 xxm
839 492 1084 557 PRAEFATIO
1105 529 1145 538 -
1167 491 1309 556 CAPUT
1333 491 1372 554 ll.

311 681 486 753 nonnulla
506 682 550 753 de
571 680 685 754 sacris
709 680 961 753 eucharisticis
981 692 1017 753 et
1037 680 1081 753 de
1101 679 1231 752 ritibus
1251 679 1297 752 ad
1317 692 1462 752 noctem
1487 680 1696 778 paschalem
1720 682 1907 779 pertinen-

310 814 422 888 tibus.
442 817 494 887 Eo
514 814 708 886 document
694 825 731 885 to
751 813 954 886 illustratur
978 813 1185 887 observatio
1209 812 1425 911 disciplinae
1447 813 1634 910 paschatis
1659 815 1756 913 apud
1776 816 1908 889 Orien·

309 948 420 1033 tales,
443 947 488 1020 de
508 972 579 1045 qua
599 972 671 1019 non
695 946 828 1047 exigua
852 946 996 1031 luit,t
960 947 1069 1020 etiam
1094 960 1179 1045 post
1200 945 1393 1018 nicaenum
1418 947 1623 1032 decretum,
1646 961 1730 1020 cont
1733 950 1905 1022 roversia.

383 1080 629 1153 Demonstrat
604 1091 655 1152 tio
679 1078 786 1151 tertia
810 1079 951 1152 decima
975 1080 1082 1152 docet
1107 1079 1324 1166 Sabbatum,
1348 1105 1419 1179 quo
1440 1080 1597 1153 ludaei
1589 1080 1746 1153 maniter
1769 1082 1908 1154 iactan-

310 1227 382 1299 tur,
405 1213 451 1286 ad
480 1213 639 1313 quietem
669 1237 750 1285 curn
778 1212 916 1284 homini
944 1225 1021 1285 tum
1050 1213 1212 1285 iumento
1241 1213 1366 1284 datum
1397 1212 1528 1297 luisse,
1556 1224 1592 1286 et
1622 1213 1807 1286 hominem
1837 1241 1907 1287 non

312 1372 411 1421 mera
429 1346 614 1445 praecepti
635 1345 842 1420 observant
818 1360 885 1433 tra,
909 1346 974 1419 sed
993 1346 1165 1445 operibus
1184 1345 1292 1419 bonis
1311 1346 1515 1419 iustificari

384 1479 526 1553 Diversi
552 1506 640 1552 vero
666 1480 872 1580 argumenti
899 1493 955 1552 est
980 1480 1253 1553 Demonstratio
1281 1480 1571 1578 quartadecima,
1595 1506 1660 1554 seu
1685 1485 1904 1563 dehortatio

311 1615 356 1686 ad
382 1614 519 1686 elerum
546 1626 582 1686 et
607 1614 780 1712 populum
801 1614 989 1687 Seleuciae
1009 1627 1045 1686 et
1064 1615 1314 1713 Ctesiphontis
1339 1639 1481 1688 necnon
1506 1615 1708 1688 vicinarum
1735 1616 1908 1689 ecclesia·

311 1773 390 1819 rum
409 1747 534 1819 missa.
558 1749 660 1819 Hanc
685 1746 848 1844 scripsit
871 1772 995 1819 mense
1020 1747 1351 1821 februario-martio
1375 1749 1460 1821 anni
1486 1750 1820 1848 transpunctus,
1843 1775 1910 1822 no-

310 1881 406 1953 mine
436 1880 692 1978 episcoporum
723 1879 811 1951 cleri
839 1880 1036 1979 populique
1066 1881 1274 1979 provinciae
1304 1881 1342 1953 in
1371 1905 1442 1981 qua
1468 1882 1640 1982 degebat.
1665 1886 1815 1955 Moneut
1844 1908 1911 1955 nos

311 2013 508 2112 scriptores
529 2013 605 2113 syri
625 2013 809 2113 insignem
833 2013 1025 2086 ecclesiam
1050 2014 1293 2088 Seleuciaeet
1279 2015 1614 2113 tCtesiphontiss
1605 2040 1678 2087 ram
1698 2028 1782 2088 ante
1802 2041 1909 2089 exor-

309 2161 383 2221 tam
404 2147 553 2245 Saporis
572 2147 876 2245 persecutionem,
899 2147 1086 2219 teterrimo
1107 2148 1527 2253 sclrismatelaborasse,
1546 2175 1628 2221 cum
1647 2152 1779 2247 Papas,
1801 2150 1911 2223 huius

310 2279 468 2352 civitatis
488 2281 699 2378 episcopus,
718 2280 833 2365 lastu,
851 2280 1067 2367 ambitione,
1086 2280 1256 2367 saevitia,
1274 2282 1439 2354 diaconis
1463 2295 1499 2354 et
1518 2281 1745 2381 presbyteris
1765 2296 1801 2356 et
1821 2283 1910 2380 ipsis

310 2412 492 2511 episcopis
517 2412 699 2485 infensum
722 2438 761 2485 se
785 2413 984 2501 elicuisset,
1008 2414 1099 2486 adeo
1118 2426 1159 2486 ut
1177 2413 1341 2512 episcopi
1367 2415 1412 2486 de
1439 2414 1605 2512 primatis
1632 2415 1687 2488 sui
1713 2441 1823 2489 causa
1847 2441 1910 2489 co·

311 2545 465 2646 gnituri,
486 2546 691 2631 Seleuciae,
710 2572 840 2619 novem
866 2560 951 2646 post
973 2547 1164 2619 nicaenum
1189 2547 1384 2620 concilium
1408 2547 1531 2633 annis,
1554 2547 1593 2620 in
1617 2548 1800 2647 synodum
1822 2575 1910 2622 cou-

308 2678 486 2751 venerint.
511 2679 628 2753 Unius
654 2679 812 2753 bominis
836 2680 1068 2753 insolentiam
1095 2692 1314 2754 consecutae
1334 2693 1435 2767 sunt,
1458 2693 1499 2753 ut
1525 2707 1569 2753 ex
1594 2681 1780 2780 Apbraate
1802 2682 1906 2756 vide-

307 2824 379 2897 tur,
411 2812 639 2885 turbationes
677 2813 842 2912 malaque
875 2813 997 2912 plura,
1029 2814 1243 2886 clericorum
1274 2815 1310 2886 in
1340 2813 1397 2887 his
1426 2815 1592 2888 ecclesiis
1621 2816 1906 2915 Mesopotamiae

308 2945 417 3017 elatio
443 2957 478 3018 et
502 2945 731 3046 arrogantia,
748 2945 837 3018 vitia
864 2945 1057 3045 superbiae
1084 2960 1120 3019 et
1148 2947 1340 3034 avaritiae,
1360 2948 1476 3034 rixae,
1499 2948 1752 3022 contentiones
1776 2948 1907 3021 officii-

308 3103 378 3176 que
402 3078 602 3151 derelictio.
623 3078 765 3174 Quibus
788 3079 892 3151 malis
916 3092 956 3151 ut
980 3081 1225 3166 mederentur,
1244 3080 1406 3179 episcopi
1431 3080 1571 3153 vicinae
1595 3081 1775 3179 regionis,
1794 3108 1908 3183 syno-

309 3210 412 3298 dum,
433 3237 504 3310 quo
523 3211 606 3284 loco
625 3212 826 3299 nescimusr,
845 3225 1182 3312 congregaverunt,
1200 3226 1236 3286 et
1252 3214 1444 3311 epistolam
1460 3214 1665 3311 Apbraates
1681 3215 1845 3314 scripsit,
1864 3241 1907 3290 eo

311 3342 488 3442 iureque
517 3344 675 3418 diximus
704 3372 830 3443 supra,
849 3346 886 3417 in
915 3372 986 3445 qna
1014 3347 1188 3447 graviter,
1212 3372 1353 3419 summa
1379 3359 1502 3419 tamen
1531 3347 1798 3435 moderatione,
1819 3348 1908 3421 vitia

309 3476 431 3575 prodit
450 3489 486 3550 et
505 3479 645 3578 arguit,
668 3492 914 3578 nocentesque
935 3479 1067 3552 blande
1087 3481 1133 3553 ad
1153 3480 1413 3578 paenitentiam
1433 3480 1577 3567 invitat,
1597 3494 1637 3553 ut
1657 3506 1746 3579 pace
1766 3482 1908 3554 reddita

310 3635 437 3683 omnes
461 3612 569 3682 unius
589 3611 737 3683 Domini
761 3613 856 3685 servi
881 3613 987 3685 simul
1012 3614 1210 3712 gaudeant.
1234 3615 1419 3686 Immerito
1444 3626 1565 3686 autem
1591 3613 1795 3687 exhortatio
1818 3614 1908 3688 baec

311 3743 467 3816 refertur
485 3744 532 3816 ad
552 3745 732 3843 synodum
753 3746 940 3818 Seleuciae
957 3747 993 3818 in
1008 3772 1117 3819 causa
1138 3749 1258 3845 Papae
1279 3746 1498 3819 celebratam
1512 3751 1536 3833 ¹,
1555 3773 1637 3819 oum
1657 3748 1783 3820 decem
1803 3749 1908 3821 annis

311 3889 547 3949 memoratam
568 3878 748 3976 synodum
767 3879 865 3972 (334)
884 3879 1038 3976 epistola
1057 3880 1155 3974 (344)
1175 3893 1300 3953 secuta
1320 3879 1381 3952 sit.

385 4009 505 4109 Magis
531 4035 617 4081 vero
641 4011 844 4109 culpandus
871 4024 968 4083 essct
991 4011 1052 4109 qui
1077 4012 1242 4084 eamdem
1264 4013 1440 4112 Apbraati
1463 4012 1704 4100 abiudicaret,
1723 4013 1907 4086 Antonelli

312 4141 818 4227 auctoritate,contendentis
843 4145 1069 4217 Gennadium
1094 4144 1130 4216 in
1155 4146 1324 4246 catalogo
1351 4171 1501 4244 operum
1525 4147 1640 4219 sancti
1666 4146 1787 4219 lacobi
1810 4146 1909 4220 Nisi-

313 4273 397 4346 beni
413 4300 493 4346 eam
511 4301 584 4347 non
599 4300 839 4363 memorasse3
858 4277 1045 4350 librarium
1061 4303 1249 4351 armenum
1269 4304 1434 4352 seorsum
1455 4304 1535 4351 eam
1555 4278 1601 4351 ab
1621 4279 1702 4352 aliis
1720 4279 1905 4378 posuisse,

315 4405 456 4492 stilum,
480 4408 628 4480 modum
650 4435 692 4481 ac
715 4409 898 4482 scribendi
920 4411 1096 4484 rationem
1118 4435 1139 4483 a
1163 4410 1412 4509 superioribus
1437 4411 1604 4511 epistolis
1628 4438 1710 4486 esse
1732 4413 1909 4486 dissimil-

313 4539 416 4626 lima;
435 4540 582 4613 demum
598 4543 789 4640 epistolam
806 4543 1018 4642 synodicam
1038 4571 1137 4631 esse,
1156 4557 1191 4618 et
1211 4546 1406 4617 multorum
1428 4545 1573 4619 nomine
1594 4547 1779 4644 scriptam,
1800 4574 1818 4617 ι
1836 4572 1908 4619 ιιοιι

312 4683 433 4744 autem
454 4674 571 4747 sancti
592 4675 714 4747 lacobi
733 4676 913 4775 episcopi,
932 4678 1035 4750 cuius
1055 4705 1121 4751 nec
1143 4705 1292 4765 nomen,
1310 4705 1428 4778 neque
1448 4680 1666 4777 episcopalis
1691 4679 1853 4779 dignitas
1873 4694 1909 4752 et

312 4806 529 4893 auctoritas,
548 4808 719 4907 nullaque
735 4809 806 4882 alia
821 4837 913 4909 qnae
930 4811 1051 4909 aliqua
1066 4838 1110 4884 ex
1125 4824 1227 4910 parte
1243 4837 1325 4883 eum
1341 4825 1526 4884 auctorem
1542 4811 1655 4884 luisse
1671 4811 1825 4885 obscure
1840 4812 1909 4885 sal·

311 4948 385 5010 tem
406 4938 583 5028 indicent,
602 4947 796 5042 apparent·
818 4972 850 5015 ι).
871 4949 910 5017 ln
927 4945 983 5017 his
1002 4972 1088 5018 vero
1109 4972 1216 5045 quam
1231 4946 1465 5019 vehementer
1478 4957 1606 5044 peccet
1621 4946 1838 5019 Antonellus
1854 4947 1909 5017 la-

313 5071 381 5144 cile
408 5086 464 5145 est
489 5076 700 5164 aestimare,
721 5077 877 5175 primum
904 5104 947 5151 ex
973 5093 1120 5152 auctore
1148 5081 1227 5177 ipso
1254 5079 1446 5187 adserente
1474 5105 1514 5153 se
1542 5091 1625 5178 post
1652 5079 1844 5176 epistolam
1870 5082 1910 5152 de

313 5208 456 5279 Sobbnto
475 5208 567 5281 banc
587 5214 868 5285 Enbortotioncrn
888 5216 927 5285 de
945 5217 1037 5286 riuis
1056 5228 1086 5286 et
1106 5217 1313 5287 dissensione
1332 5213 1543 5311 scripsisse,
1562 5225 1598 5285 ct
1613 5212 1850 5311 disputationi
1871 5215 1910 5285 de

374 5446 573 5524 'Assemani
585 5449 788 5513 Bibliotheca
799 5450 987 5531 Orientalis,
999 5461 1021 5513 t.
1033 5452 1087 5528 lll,
1098 5462 1179 5536 part.
1190 5456 1219 5529 2,
1231 5474 1262 5537 p.
1273 5452 1376 5515 clxxv.
1387 5452 1483 5515 Aliud
1491 5452 1614 5536 pulavit
1623 5452 1678 5518 W.
1690 5451 1824 5536 Wrigbt
1837 5474 1908 5515 cum

313 5553 463 5637 scripsit:
480 5580 492 5609 ι
509 5555 593 5619 lle...
611 5557 673 5619 bad
693 5579 711 5619 a
731 5566 798 5620 seat
818 5567 850 5619 at
868 5558 922 5621 the
942 5559 1075 5622 Couneil
1095 5562 1129 5622 ol
1147 5559 1292 5623 Seleucia
1311 5560 1374 5622 and
1393 5560 1584 5643 Ctesiphon,
1602 5560 1676 5621 held
1693 5560 1730 5620 A.
1748 5558 1788 5620 D.
1804 5563 1863 5623 344
1881 5587 1907 5621 ι.

313 5659 394 5740 (Tite
408 5659 564 5724 Homilies
579 5664 830 5748 osApbrnntes,
849 5688 878 5749 p.
897 5667 958 5748 89.)

371 5767 383 5805 ²
399 5768 572 5845 Antonelli,
590 5770 828 5835 SonetiPotris
841 5775 948 5836 nostri
960 5773 1073 5836 lucebi
1085 5778 1230 5858 episcopi
1241 5774 1393 5841 Nisibeni
1405 5775 1592 5854 Sermones,
1611 5796 1640 5858 p.
1658 5778 1726 5837 401.
