4120 6456
510 511 567 574 DE
589 511 755 576 NOMINE
778 512 833 576 ET
854 511 1053 576 PERSONA
1074 512 1330 588 APHthTlS.
1651 536 1718 577 xvn

122 726 183 774 sus
204 700 388 800 Georgius
409 700 566 787 notavit,
588 701 778 799 utriusque
807 701 983 787 indolem,
1010 701 1172 789 modum,
1195 701 1319 774 stilum
1339 701 1492 801 quisque
1523 701 1720 800 perspiciet

122 833 366 907 dissimillima
392 858 473 906 esse
496 861 504 904 ε
528 848 612 912 aust
636 866 698 913 us„
720 853 821 934 ugo>
843 852 899 933 ¹³⁰?
918 851 1078 935 ..ιὼς
1099 856 1171 915 μοι.
1192 852 1293 935 χιιι
1319 862 1336 905 c
1359 838 1485 934 Neque
1511 836 1607 907 enim
1631 835 1720 908 doc-

121 967 215 1040 trina
235 966 315 1039 eius
335 966 522 1039 doctrinae
542 966 658 1038 sancti
678 965 815 1038 domini
836 965 1030 1063 Ephraemi
1051 966 1326 1039 similitudinem
1346 967 1501 1041 exhibet.
1529 996 1546 1037 i>

195 1103 249 1172 De
268 1124 366 1171 anuo
386 1125 457 1198 quo
484 1099 559 1172 vita
583 1098 799 1185 excesserit,
818 1099 914 1171 sicut
937 1124 1003 1171 nec
1029 1099 1075 1171 de
1099 1099 1300 1173 nativitatis
1325 1099 1404 1173 eius
1427 1112 1608 1198 tempore,
1631 1100 1720 1172 nihil

123 1258 319 1332 possumus
347 1258 412 1330 pro
441 1245 541 1305 certo
576 1231 771 1304 affirmare.
798 1235 1076 1319 Verumtamen,
1099 1233 1130 1305 si
1155 1257 1332 1305 summam
1356 1259 1541 1306 sacrarum
1565 1233 1723 1309 Littera-

124 1392 202 1438 rum
233 1365 442 1451 scientiam,
468 1366 655 1438 doctrinae
684 1364 796 1437 robur
826 1378 862 1437 et
890 1365 1115 1451 firmitatem,
1139 1379 1201 1438 aut
1229 1366 1384 1465 gradum
1413 1367 1719 1455 ecclesiasticum,

124 1495 428 1570 existimationem
455 1497 564 1569 etiam
591 1522 699 1595 quam
725 1495 870 1604 videtur
895 1498 1099 1573 obtinuisse
1127 1498 1417 1585 consideremus,
1440 1511 1548 1598 prout
1576 1524 1620 1571 ex
1646 1513 1724 1572 tota

125 1628 231 1702 nohis
246 1616 608 1702 Demonstratiohum
623 1628 746 1700 indole
762 1628 1054 1722 manifestantur,
1075 1633 1284 1705 coniectura
1299 1631 1399 1704 credi
1414 1632 1548 1729 poterit
1562 1633 1725 1730 Aphraa-

124 1775 215 1847 tem,
239 1788 321 1835 cum
345 1762 538 1849 scriberet,
560 1762 678 1834 virum
701 1761 816 1834 fuisse
842 1762 1005 1838 firmatae
1033 1767 1104 1838 iam
1136 1765 1285 1851 aetatis,
1307 1765 1521 1862 praesertim
1550 1765 1581 1837 si
1607 1766 1724 1839 adhuc

125 1892 269 1968 vivente
298 1899 414 1993 Papa,
435 1909 476 1969 ut
504 1895 647 1969 censuit
673 1892 943 1984 BarhchraeuS‚
966 1898 1149 1984 llorucrit,
1173 1898 1295 1996 itaque
1318 1897 1446 1969 ultima
1470 1897 1608 1970 saeculi
1626 1898 1725 1969 tertii

125 2044 227 2128 parte
261 2045 387 2104 natum
420 2058 519 2117 esse,
543 2045 579 2105 et
607 2045 800 2129 grassante
833 2030 951 2104 adhue
984 2030 1229 2130 quadraginta
1261 2055 1438 2102 annorum
1472 2030 1725 2128 persecutione

126 2164 330 2261 (340-379),
354 2166 418 2237 sed
443 2191 515 2238 nou
535 2177 619 2236 ante
644 2189 778 2236 annum
798 2165 886 2249 345,
910 2189 981 2262 quo
1006 2163 1171 2236 ultimam
1195 2162 1553 2235 Demonstratiouem
1577 2187 1727 2261 compo-

127 2296 217 2384 suit,
245 2296 476 2370 ocoubuisse.
509 2300 600 2369 llum
632 2320 719 2369 vero
752 2295 798 2368 ab
829 2296 909 2394 ipso
938 2309 1189 2394 persecutore,
1217 2308 1343 2367 contra
1372 2320 1479 2394 quem
1511 2294 1724 2393 scripserat,

125 2443 295 2503 vexatum
315 2428 571 2528 sublatumque
590 2430 724 2514 luisse,
742 2454 807 2526 per
825 2429 925 2501 nulla
945 2442 1179 2502 monumenta
1199 2440 1299 2500 certa
1318 2428 1437 2519 adhuc
1456 2427 1560 2500 licuit
1579 2427 1722 2500 inferre.

125 2562 324 2660 Aphraatis
344 2564 470 2662 utique
489 2588 623 2635 nomen
643 2562 679 2633 in
699 2575 909 2659 pervetusto
929 2562 1194 2661 martyrologio
1214 2561 1376 2659 syriaco,
1398 2586 1494 2633 anno
1514 2586 1620 2634 aerae
1641 2586 1729 2645 nos-

126 2708 204 2767 trae
224 2696 296 2766 412
315 2695 538 2794 antiquiore,
556 2693 880 2792 deprehendimus,
903 2695 940 2766 in
961 2721 1032 2794 quo
1052 2707 1136 2793 post
1156 2694 1349 2766 duodecim
1372 2693 1552 2766 mensium
1577 2720 1730 2766 nomen-

126 2828 304 2902 claturam
318 2829 442 2902 addita
455 2843 542 2902 sunt
554 2828 659 2927 quasi
672 2828 710 2900 in
723 2829 838 2901 altera
854 2841 957 2927 parte
973 2850 1065 2929 uqa
1078 2843 1118 2909 tat
1137 2848 1259 2928 μμ»
1275 2842 1400 2929 oport?
1418 2848 1522 2929 tuno?
1543 2845 1625 2926 ξμς
1645 2844 1730 2904 tarn.

130 2971 230 3048 l²02²³⁰
249 2986 339 3024 mo
355 2964 490 3028 »aiulo
504 2963 632 3030 thus-Sl
647 2970 757 3021 ωὼο
771 2970 843 3049 bufo
859 2987 891 3044 ρ
906 2966 1069 3022 mmm
1083 2962 1199 3037 «bmssle
1211 2966 1256 3024 lt·
1269 2967 1354 3028 law
1365 2967 1439 3047 <3¹¹2
1457 2968 1558 3048 lugu
1577 2967 1624 3048 ιλ)
1638 2989 1644 3017 2
1658 2967 1730 3048 lufo

127 3098 202 3179 ‘⁸32⁹
220 3108 237 3147 c
256 3077 411 3150 Nomina
426 3077 678 3150 consessorum
693 3079 755 3177 qui
770 3078 809 3150 in
823 3077 975 3151 Oriente
995 3075 1175 3149 interlecti
1190 3089 1275 3149 sunt
1288 3103 1295 3147 :
1310 3074 1415 3148 Abba
1430 3076 1569 3174 primus
1584 3076 1731 3149 confes-

128 3236 204 3297 sor,
230 3211 314 3284 Dali
343 3211 533 3284 confessor
563 3211 764 3297 secundus,
793 3210 926 3295 Bulha,
954 3210 1112 3296 Hazath,
1139 3213 1308 3304 Aphroot,
1333 3209 1583 3307 Menophilus,
1610 3236 1629 3283 e
1655 3211 1731 3308 pri-

128 3343 216 3431 mis;
234 3344 342 3416 Miles
362 3343 574 3442 episcopus,
593 3355 631 3415 et
648 3342 850 3429 Abursam,
870 3355 906 3414 et
926 3341 1045 3427 Sinai,
1064 3342 1295 3415 consessores
1315 3342 1460 3440 primi².
1483 3371 1501 3413 n
1524 3346 1732 3442 Sequuntur

127 3476 291 3576 episcopi
318 3476 480 3549 Persidis
507 3476 655 3549 Simeon
680 3475 880 3563 Barsabac,
905 3473 1186 3561 Barbashemin,
1210 3475 1473 3561 Shaddustius,
1498 3488 1533 3547 et
1559 3475 1621 3547 alii
1650 3501 1731 3548 cum

127 3608 354 3708 presbyteris
377 3621 413 3682 et
439 3608 621 3695 diaconis,
646 3608 708 3708 qui
733 3609 841 3682 fidem
868 3608 906 3680 in
932 3608 991 3681 his
1015 3607 1230 3708 regionibus
1255 3609 1415 3682 confessi
1440 3621 1537 3682 sunt.
1563 3613 1731 3706 lpsumne

11 3770 12 3777 ¹
129 3741 340 3841 Sapientem
365 3745 531 3827 Persam,
554 3742 616 3841 qui
641 3741 679 3813 in
702 3757 888 3840 postremo
908 3745 1124 3814 Sermonum
1143 3756 1218 3814 tarn
1244 3742 1374 3840 cupide
1393 3742 1537 3814 videtur
1557 3742 1732 3840 martyrio

11 3934 12 3959 ,
129 3873 289 3964 inhiare,
320 3900 367 3947 an
399 3874 478 3948 eius
513 3875 773 3973 homonymum
808 3874 1019 3974 quemdam,
1048 3874 1149 3947 hisce
1183 3874 1315 3973 priscis
1350 3874 1572 3974 martyribus
1605 3900 1732 3974 persc-

128 4008 287 4080 cutionis
322 4008 472 4106 Saporis
500 4008 777 4082 adnumeratum
807 4006 1023 4095 habeamus,
1051 4008 1194 4081 definiri
1226 4009 1369 4108 nequit,
1396 4008 1481 4082 licet
1512 4008 1584 4081 dici
1615 4009 1732 4107 possit

128 4140 258 4227 alium,
277 4153 403 4213 nostro
423 4140 665 4239 antiquiorem
690 4141 894 4239 aliquanto,
911 4141 971 4213 hic
996 4141 1214 4241 significari,
1233 4154 1358 4240 utpote
1383 4142 1541 4214 Millesio
1561 4142 1733 4241 episcopo

128 4273 397 4372 praepositum,
424 4298 549 4372 quern,
577 4299 659 4346 cum
678 4273 873 4347 Abrosimo
897 4273 1112 4373 presbytero
1137 4288 1173 4347 ct
1194 4275 1280 4348 Sina
1301 4275 1473 4361 diacono,
1497 4274 1565 4347 sub
1590 4275 1733 4348 initium

129 4404 260 4491 lerme,
283 4406 320 4479 id
344 4419 401 4480 cst
424 4432 520 4478 anuo
544 4407 661 4505 primo
686 4407 743 4479 vel
770 4407 930 4480 secundo
950 4406 1217 4505 persecutionis
1241 4407 1327 4500 (340
1351 4408 1409 4480 vel
1433 4409 1536 4501 341),
1558 4408 1733 4506 martyrio

129 4538 298 4613 novimus
325 4565 407 4613 esse
435 4552 660 4612 coronatum.
683 4541 889 4637 Aphraates
917 4554 1154 4613 veronoster
1183 4565 1256 4612 non
1282 4553 1365 4613 aute
1390 4566 1525 4614 annum
1549 4542 1637 4627 345,
1661 4567 1732 4638 quo

11 4670 12 4747 J
129 4670 295 4746 ultimam
315 4674 673 4747 Demonstrationcm
693 4674 965 4762 conscribebat,
988 4698 1198 4773 supremum
1218 4673 1313 4746 diem
1334 4674 1435 4747 obiit.

205 4882 240 4951 5.
266 4881 315 4952 Ut
337 4890 458 4951 autem
480 4878 527 4950 ad
549 4878 705 4950 certiora
730 4878 939 4965 redeamus,
963 4904 982 4949 c
1010 4877 1086 4950 suis
1111 4877 1257 4975 scriptis
1284 4877 1386 4949 illum
1411 4901 1654 4976 agnoscemus
1674 4876 1733 4967 (li-

129 5025 190 5086 cet
209 5038 289 5086 eam
311 5011 471 5084 auctoris
491 5011 605 5084 nostri
627 5010 879 5083 condicionem
897 5011 933 5081 in
951 5010 1216 5083 dubitationem
1238 5036 1353 5108 nuper
1372 5010 1592 5082 tentaverint
1616 5009 1733 5081 addu-

196 5243 202 5279 '
221 5240 386 5325 Lagarde,
402 5240 565 5304 Analecta
579 5243 729 5322 syriaca,
747 5263 778 5324 p.
796 5246 867 5316 111,
885 5239 919 5301 ll.
939 5246 953 5301 1
970 5248 1001 5302 et
1015 5244 1044 5303 2.

192 5346 296 5410 ²10h.
320 5346 414 5429 Bapt.
437 5346 476 5408 de
498 5345 595 5411 Rossi
615 5355 648 5409 ct
670 5346 790 5409 Ludov.
814 5346 1002 5420 Duchesne,
1026 5345 1303 5430 Martyrologr'nm
1323 5345 1620 5426 Hr'eronymc'annm
1643 5345 1732 5424 (Acta

131 5453 340 5527 Sanctorum,
356 5452 548 5516 Novembris
562 5462 584 5515 t.
601 5451 640 5535 ll)
656 5474 710 5537 pp.
726 5456 831 5531 [nuru]
847 5461 879 5514 et
893 5456 992 5531 [cxiv]
1008 5461 1040 5514 et
1054 5453 1109 5520 W.
1124 5451 1273 5535 Wright,
1285 5452 1339 5513 An
1356 5454 1487 5513 ancient
1504 5455 1620 5532 syrion
1637 5451 1732 5513 illor-

132 5562 283 5644 tyrology
293 5582 304 5622 .·
315 5557 444 5622 Journal
457 5560 491 5622 ol
502 5559 613 5622 sacred
626 5559 802 5634 literature,
817 5562 904 5635 1866,
916 5559 978 5622 vol.
995 5558 1068 5624 Vlll
1084 5558 1171 5641 (Now
1186 5557 1314 5639 Series),
1330 5580 1382 5642 pp.
1401 5591 1419 5615 u
1432 5567 1464 5621 et
1475 5562 1544 5619 431.
1557 5559 1731 5641 Antiquam

11 5732 13 5761 ,
130 5666 228 5729 huius
257 5665 431 5751 monologii
457 5665 681 5730 documentum
708 5665 830 5728 ultimis
851 5665 936 5729 loliis
960 5666 1239 5750 comprehenditur
1262 5665 1381 5728 codicis
1401 5666 1518 5747 syriaci
1535 5664 1639 5727 Musei
1660 5666 1734 5726 Bri·

131 5774 251 5836 tannici
267 5773 366 5835 addit.
386 5776 511 5850 12,150,
529 5774 669 5836 omnium
685 5774 739 5857 qui
754 5793 872 5835 annum
885 5783 1007 5837 certum
1022 5774 1219 5857 adscriptum
1235 5774 1340 5835 lerunt
1350 5771 1569 5835 vetustissimi.

241 5891 536 5926 rurum-matt
1614 5882 1626 5921 b
