4120 6456
758 475 815 537 AD
838 475 1084 539 LECTOREM.
1700 498 1720 537 v

121 676 251 743 textus
274 692 363 741 cum
382 662 588 742 vocalibus
608 661 783 742 edendos
803 663 1027 743 censuimus
1046 675 1089 741 ut
1109 663 1217 742 nulla
1244 662 1436 743 dubitatio
1458 663 1496 742 in
1517 676 1645 743 mente
1667 664 1720 742 le-

121 805 251 915 gentis
279 817 498 900 remaneat,
516 834 603 884 cum
629 805 789 914 insuper
815 834 910 913 prae
939 805 1064 885 oculis
1094 804 1327 885 haberemus
1354 806 1533 914 exempla
1562 806 1638 884 iam
1669 805 1718 885 ab

122 948 326 1028 Assemani
347 947 453 1026 edita
473 947 512 1025 in
533 975 605 1027 sua
624 947 871 1026 Bibliotheca
892 947 1093 1026 Orientali.

202 1092 298 1169 Cum
323 1118 417 1169 vero
446 1090 486 1167 in
514 1089 575 1168 his
602 1088 807 1169 vocalibus
834 1088 1080 1197 apponendis
1109 1119 1186 1169 non
1216 1119 1371 1198 semper
1400 1102 1438 1168 et
1461 1090 1606 1198 ubique
1635 1090 1719 1198 ipse

121 1231 326 1311 Assemani
347 1230 506 1311 easdem
526 1230 685 1339 regulas
705 1231 940 1326 servaverit,
958 1260 1031 1310 nos
1053 1231 1263 1339 aliquando
1283 1230 1494 1311 decernere
1514 1230 1720 1311 debuimus

121 1403 314 1482 quaenam
333 1386 545 1482 praecepta
574 1402 597 1452 a
620 1373 735 1453 nobis
756 1371 957 1481 sequenda
977 1385 1130 1466 essent,
1154 1387 1197 1452 ut
1215 1372 1373 1453 tandem
1393 1373 1599 1453 nobiscum
1625 1403 1720 1452 con-

121 1516 299 1596 sentanei
335 1543 422 1595 esse
455 1514 690 1594 videremur.
716 1517 774 1593 lta
799 1546 836 1594 v.
862 1545 921 1623 g.,
948 1515 1014 1593 ubi
1044 1515 1193 1594 vocalis
1217 1546 1238 1603 4
1261 1514 1496 1624 apponenda
1529 1528 1589 1595 est
1616 1515 1721 1595 litte-

121 1686 187 1737 rae
208 1659 294 1736 Vav
315 1670 382 1736 aut
399 1656 549 1736 vocalis
566 1693 594 1744 a
610 1656 766 1736 litterae
788 1655 877 1752 lod,
895 1656 1105 1764 aliquando
1126 1649 1330 1737 Assemani
1354 1657 1471 1736 etiam
1491 1657 1530 1735 in
1546 1658 1607 1737 his
1628 1658 1722 1737 casi-

123 1800 196 1878 bus
215 1798 394 1908 regulam
419 1798 646 1907 generalem
667 1799 858 1906 sequitur,
877 1811 915 1878 et
935 1799 1007 1877 has
1023 1799 1181 1878 vocales
1200 1799 1378 1907 praecise
1399 1799 1510 1907 ponit
1530 1827 1651 1907 supra
1665 1799 1723 1877 lit-

121 1952 245 2020 teram
270 1939 591 2048 praecedentem,
610 1940 821 2048 aliquando
848 1940 1066 2048 simplicius
1091 1969 1211 2049 supra
1230 1940 1383 2020 litteras
1399 1942 1483 2020 Vav
1503 1953 1541 2020 et
1562 1941 1651 2036 lod,
1669 1941 1723 2019 ita

122 2095 164 2162 ut
184 2081 353 2161 evadant
367 2082 441 2161 hae
456 2081 606 2190 figurae
624 2086 641 2167 ἓ
658 2094 697 2161 et
715 2096 748 2173 33
765 2111 838 2161 nos
860 2082 964 2160 hunc
985 2082 1200 2161 secundum
1224 2081 1392 2178 modum
1407 2082 1611 2189 seligimus
1632 2082 1724 2189 quia

123 2225 231 2333 ipsae
252 2223 365 2332 leges
385 2224 617 2332 phoneticae
641 2223 757 2304 nobis
780 2224 889 2303 visae
906 2235 997 2303 sunt
1016 2222 1056 2302 id
1080 2224 1303 2333 postulare,
1327 2224 1578 2332 simulatque
1600 2253 1723 2303 exem-

123 2366 188 2474 pla
217 2366 444 2474 scriptionis
473 2364 720 2461 chaldaicae,
744 2378 782 2444 et
806 2365 898 2474 quia
933 2366 1095 2474 insuper
1123 2365 1338 2446 secundum
1364 2367 1465 2445 hanc
1497 2367 1722 2445 methodum

124 2508 248 2586 minor
269 2506 461 2587 evadebat
480 2507 691 2587 difficultas
711 2508 750 2585 in
763 2508 875 2635 typis
898 2506 1151 2603 adhibendis,
1169 2537 1257 2586 cum
1278 2508 1403 2587 minor
1422 2521 1528 2588 esset
1548 2508 1723 2616 ipsorum

126 2678 324 2729 numerus.

204 2794 255 2871 Ut
274 2792 376 2870 enim
399 2804 542 2870 norunt
562 2793 779 2900 omnesqui
799 2792 872 2871 arti
892 2792 1203 2901 typographicae
1225 2792 1477 2888 studuerunt,
1495 2793 1534 2871 in
1560 2793 1724 2901 syriacis

127 2934 298 3013 textibus
322 2933 489 3013 edendis
510 2935 722 3042 separatim
748 2933 1084 3043 componebantur
1114 2934 1273 3014 vocales
1303 2947 1341 3013 et
1367 2947 1631 3014 consonantes
1661 2964 1724 3015 se-

128 3075 294 3154 cundnm
319 3074 418 3155 duas
442 3075 567 3156 lineas
592 3077 885 3185 superpositaS,
904 3077 958 3156 ita
972 3089 1014 3155 ut
1035 3076 1193 3184 saepius
1212 3077 1362 3156 vocalis
1387 3105 1465 3155 nou
1487 3078 1726 3185 reperiretur

130 3245 246 3325 supra
262 3230 544 3297 consonantem
559 3217 609 3296 ad
625 3248 740 3326 quam
756 3219 977 3326 pertinebat
992 3231 1059 3297 aut
1074 3218 1191 3297 etiam
1207 3218 1279 3297 sub
1295 3219 1431 3327 praelo
1452 3233 1723 3315 evanesceret;

129 3388 200 3439 nos
224 3390 318 3439 vero
340 3372 383 3438 ut
412 3361 539 3440 minus
563 3359 673 3439 fieret
691 3360 770 3439 tale
789 3361 1026 3468 periculum,
1048 3361 1087 3439 in
1108 3361 1247 3440 eodem
1268 3373 1363 3470 typo
1385 3360 1608 3441 recudimus
1631 3391 1725 3440 con-

128 3514 333 3581 sonantem
360 3531 447 3581 cnm
472 3503 620 3597 vocali,
638 3515 676 3581 et
703 3531 926 3611 quanquam
952 3502 1197 3610 negleximus
1223 3531 1292 3582 eos
1317 3503 1365 3582 de
1391 3502 1533 3611 quibus
1558 3503 1726 3583 diximus

126 3657 257 3723 tamen
277 3644 368 3752 plus
388 3673 504 3753 qnam
525 3643 836 3752 quadringentos
855 3657 973 3753 typos
993 3643 1172 3724 diversos
1192 3644 1334 3723 cudere
1355 3643 1575 3724 debuimus.

209 3787 253 3864 ln
279 3785 341 3864 his
367 3816 461 3865 vero
485 3787 590 3895 typis
620 3785 865 3866 delineaudis
891 3787 1033 3894 partim
1058 3786 1182 3866 secuti
1210 3816 1345 3866 sumus
1372 3787 1481 3895 ipsos
1505 3800 1623 3895 typos
1650 3787 1726 3865 iam

128 3928 177 4006 ab
199 3929 403 4007 Assemani
424 3928 572 4024 editos;
596 3927 666 4007 sed
688 3941 730 4007 ut
753 3957 847 4007 vera
865 3928 1058 4028 fateamur
1077 3930 1115 4007 in
1135 3928 1315 4036 pluribus
1337 3958 1383 4008 ea
1405 3928 1646 4008 correximus
1665 3929 1726 4007 ni-

127 4070 311 4149 tidiorum
327 4071 505 4150 codicum
526 4070 704 4179 exempla
725 4071 862 4149 secuti.
888 4071 1030 4150 hlultas
1050 4072 1200 4178 gratias
1220 4070 1409 4150 debemus
1429 4074 1474 4150 A.
1499 4073 1725 4180 Tattegrain

128 4213 194 4320 qui
222 4213 382 4292 Parisiis
407 4242 495 4291 cnm
521 4213 560 4291 in
587 4213 675 4321 ipsa
703 4213 982 4321 Typographia
1010 4213 1208 4292 Nationali
1236 4225 1354 4322 typos
1383 4213 1595 4293 orientales
1626 4213 1726 4292 deli-

127 4354 269 4434 neandi
292 4384 450 4434 munere
476 4354 635 4434 indutus
661 4367 795 4450 esset,
809 4368 919 4434 tanta
950 4355 1155 4464 diligentia
1185 4356 1272 4464 ipsa
1303 4356 1467 4436 consilia
1492 4370 1630 4435 nostra
1658 4386 1726 4435 ex-

127 4510 288 4577 secutus
303 4509 378 4593 est,
395 4510 511 4605 atque
533 4497 648 4576 etiam
665 4500 707 4576 C.
727 4497 909 4592 Aubert¹,
927 4510 965 4576 et
980 4496 1061 4576 filio
1077 4499 1142 4605 qui
1158 4498 1196 4576 in
1212 4497 1352 4577 iisdem
1366 4498 1472 4607 typis
1492 4498 1725 4577 recudendis

127 4668 199 4747 per
218 4668 362 4717 annum
382 4640 578 4747 integrum
599 4668 687 4717 cum
706 4651 818 4718 tanta
837 4639 998 4719 solertia
1017 4639 1308 4718 laboraverunt.

210 4784 260 4861 Ut
281 4781 439 4860 tandem
459 4782 543 4891 typi
559 4781 634 4890 ipsi
655 4780 934 4861 adhiberentur
954 4782 1085 4891 magni
1105 4783 1257 4862 consilii
1281 4796 1397 4891 atque
1419 4782 1551 4861 auxilii
1568 4783 1725 4862 fuerunt

190 5073 197 5110 ¹
217 5073 425 5136 Constantius
439 5073 562 5136 Aubert
578 5072 775 5137 vesuntione
795 5084 889 5136 natus
908 5074 959 5136 die
974 5080 1025 5135 28⁸
1039 5074 1159 5157 Aprilis
1178 5080 1267 5150 1819,
1285 5074 1427 5137 Parisios
1442 5074 1521 5137 adiit
1535 5075 1573 5136 A.
1591 5075 1630 5137 D.
1650 5080 1725 5138 1837

128 5187 161 5240 et
175 5178 218 5241 ibi
233 5178 314 5242 obiit
327 5178 378 5241 die
392 5183 444 5240 21ι
457 5178 645 5243 Decembris
662 5184 754 5256 1892,
772 5180 826 5263 qui
842 5200 899 5263 per
913 5180 973 5242 hos
993 5187 1030 5242 55
1050 5200 1151 5242 annos
1171 5180 1318 5242 maximis
1337 5189 1486 5264 typorum
1505 5180 1635 5243 fabricis
1654 5203 1725 5244 cum

128 5284 254 5347 Galliae
274 5292 341 5345 tum
360 5283 496 5368 Angliae
516 5304 645 5368 operam
666 5285 765 5347 dedit.
781 5284 868 5348 luter
887 5295 981 5369 typos
995 5285 1166 5348 orientales
1181 5286 1220 5348 ab
1240 5286 1311 5369 ipso
1326 5286 1487 5348 conlectos
1507 5286 1637 5349 notandi
1652 5298 1728 5351 sunt

127 5390 173 5453 illi
193 5391 248 5475 qui
268 5400 472 5453 asservantur
492 5390 641 5465 Parisiis,
659 5392 690 5454 in
711 5392 943 5476 Typogroplu'a
963 5391 1150 5469 Nationali,
1168 5392 1291 5455 scilicet
1305 5393 1336 5453 in
1351 5393 1463 5475 primis
1478 5393 1545 5478 typi
1561 5395 1724 5471 Aramaei,

128 5518 209 5580 quos
231 5506 401 5560 accurante
422 5496 606 5560 Marchione
627 5497 666 5560 de
682 5497 795 5581 Vogsse'
810 5498 849 5560 A.
864 5498 904 5560 D.
921 5503 996 5561 1883
1016 5497 1200 5582 descripsit,
1216 5498 1343 5583 Coptici
1364 5499 1508 5564 Thebani
1529 5522 1610 5584 quos
1632 5521 1726 5564 accu-

129 5613 218 5666 rante
234 5603 380 5687 Eugenio
396 5603 554 5667 Revillout
568 5605 606 5666 A.
622 5605 662 5665 D.
678 5608 765 5679 1871,
781 5602 943 5668 Phoenicii
958 5625 1039 5688 quos
1054 5615 1222 5668 accurante
1238 5605 1387 5691 Philippo
1400 5607 1523 5690 Berger
1537 5608 1576 5669 A.
1591 5607 1631 5669 D.
1651 5614 1725 5669 1881

128 5718 160 5771 et
176 5716 267 5785 1883,
285 5709 411 5773 Turcici
427 5731 507 5794 quos
522 5719 690 5774 accurante
705 5709 838 5773 Barbier
853 5711 892 5774 de
905 5711 1059 5795 hleynard
1074 5712 1112 5773 A.
1131 5712 1171 5774 D.
1191 5717 1266 5775 1887
1282 5712 1498 5787 describebat,
1516 5722 1576 5775 etc.
