4120 6456
334 511 401 551 xuu
866 482 1111 548 PRAEFATIO
1132 519 1172 529 -
1193 479 1335 546 CAPUT
1359 479 1414 543 lll.

336 676 501 750 Ecclesia
521 674 589 748 Dei
609 674 841 747 recitantur»
859 676 1081 765 (Demonstr.
1101 698 1143 761 x,
1160 673 1214 765 9),
1232 683 1268 743 et
1287 667 1448 741 ostendit
1467 666 1586 766 qualis
1607 666 1655 738 sit
1674 666 1711 737 in
1727 665 1938 738 meditanda

338 809 526 907 Scriptura
540 806 727 908 profectus
745 834 753 877 ε
770 834 787 875 a
805 809 881 879 Hae
894 805 962 879 Dei
982 804 1143 891 divitiae,
1162 803 1297 903 inquit,
1314 800 1602 875 inaestimabiles
1621 813 1707 873 sunt
1723 832 1756 886 »,
1773 812 1809 872 et
1822 831 1840 866 «
1859 800 1939 871 inli-

335 943 410 1016 nite
425 966 621 1042 possumus
637 966 700 1013 eas
715 938 914 1012 meditari»
932 941 1154 1032 (Demonstr.
1172 965 1208 1024 v,
1226 936 1291 1023 253
1309 962 1397 1018 xxu,
1414 936 1493 1029 16);
1512 959 1554 1006 ac
1568 932 1717 1007 tandem
1732 932 1938 1007 doctrinam

337 1075 606 1174 Scripturarum
621 1096 752 1172 aquam
767 1097 849 1144 esse
864 1071 1089 1169 pronuntiat,
1107 1097 1129 1144 a
1143 1069 1321 1144 Gentibus
1336 1067 1621 1167 expostulatam,
1639 1091 1793 1165 quarum
1807 1066 1938 1166 lingua

335 1203 483 1278 sitiebat
501 1204 647 1277 laudem
666 1207 888 1295 (Demonstr.
905 1230 969 1289 xx,
991 1204 1060 1299 14).
1157 1258 1162 1264 .

411 1337 618 1436 Scripturas
640 1338 677 1409 in
693 1341 826 1432 priores
846 1349 882 1409 et
897 1342 1099 1432 posteriores
1118 1336 1264 1423 dividit,
1282 1336 1422 1409 scilicet
1442 1335 1633 1434 utriusque
1652 1335 1878 1408 Testamenti
1898 1334 1939 1406 li·

335 1470 422 1544 bros
441 1474 663 1563 (Demonstr.
685 1498 777 1558 xxn,
795 1470 870 1565 16).
894 1472 1028 1543 Eorum
1053 1470 1262 1568 catalogum
1281 1469 1410 1541 nullibi
1429 1469 1576 1555 recitat,
1593 1492 1720 1540 verum
1739 1493 1759 1539 e
1779 1467 1938 1540 maxima

337 1603 499 1676 locorum
525 1604 769 1704 allegatorum
799 1604 921 1711 copia,
944 1629 1099 1703 quorum
1128 1602 1284 1675 indicem
1311 1601 1358 1675 ad
1383 1602 1520 1675 calcem
1544 1601 1666 1700 operis
1694 1600 1809 1672 lector
1835 1623 1939 1696 repe·

336 1736 422 1824 riet,
443 1762 560 1810 canon
593 1738 668 1811 iere
699 1737 844 1836 integer
874 1736 1091 1822 restituitur,
1114 1737 1151 1808 in
1179 1762 1251 1835 quo
1277 1736 1423 1809 nonnisi
1454 1735 1647 1833 pauciores
1677 1733 1937 1831 brevioresque
2054 1814 2055 1829 ¹

335 1870 584 1969 praetermissi
605 1883 692 1943 sunt
709 1870 811 1956 libri,
829 1896 921 1969 quos
941 1883 982 1943 ut
1004 1869 1205 1969 appellaret
1228 1869 1501 1967 opportunitas,
1523 1867 1621 1967 quod
1643 1866 1749 1940 facile
1775 1865 1938 1963 explica-

334 2018 406 2092 tur,
429 2005 569 2101 auctori
590 2030 663 2077 non
682 2003 864 2076 inciderit.

408 2137 554 2211 Veteris
573 2136 799 2211 Testamenti
818 2137 932 2212 libros
958 2138 1153 2210 historicos
1173 2160 1318 2223 omneS,
1336 2148 1481 2233 praeter
1505 2134 1718 2207 Nebemiam
1738 2144 1774 2205 ct
1794 2130 1935 2215 ludith,

335 2270 489 2369 allegat3
511 2269 709 2369 propbetas
735 2270 873 2368 pariter
898 2270 1123 2370 quindecim,
1142 2282 1293 2368 excepto
1316 2267 1455 2355 Abdia3
1473 2266 1652 2366 imprimis
1672 2265 1938 2338 animadvertet

334 2403 448 2475 lector
474 2401 703 2500 splendidam
732 2403 1043 2477 continuationem
1069 2402 1314 2502 quadraginta
1341 2401 1559 2500 etamplius
1586 2413 1751 2473 textuum
1777 2397 1938 2496 propbe-

335 2547 454 2608 tarum
478 2536 655 2608 adversus
682 2536 837 2609 ludaeos
865 2535 1247 2610 in-Demonstratione
1271 2562 1348 2619 xix,
1367 2536 1388 2607 3
1409 2547 1447 2607 et
1465 2537 1505 2621 5,
1528 2533 1746 2623 ordinatam.
1770 2531 1939 2604 Psalmos

335 2667 489 2740 advocat
516 2667 743 2764 saepissime.
765 2666 940 2740 Ieremias
967 2669 1284 2741 Lamentationum
1303 2684 1396 2749 tmst
1421 2668 1502 2740 loca
1527 2666 1666 2765 profert
1691 2666 1727 2737 in
1755 2668 1938 2737 Demons-

335 2800 492 2873 tratione
522 2827 557 2886 v,
585 2802 625 2887 8;
647 2800 784 2873 Tobiae
810 2824 940 2874 versus
966 2800 1102 2898 pariter
1128 2802 1166 2874 in
1191 2802 1512 2875 Demonstratione
1540 2827 1604 2885 xx,
1628 2802 1664 2870 4.
1687 2798 1769 2873 Vid.
1799 2810 1837 2871 et
1862 2801 1939 2871 De·

336 2946 488 3007 monstr.
513 2960 623 3019 xxm,
650 2934 710 3006 61.
737 2933 934 3008 Proverbia
964 2934 1140 3008 adscribit
1172 2934 1358 3007 Salomoni
1382 2937 1605 3028 (Demonstr.
1632 2960 1704 3017 vu,
1730 2933 1774 3003 14
1800 2943 1837 3004 et
1864 2932 1935 3025 16).

335 3066 393 3138 Ad
418 3066 716 3140 Ecclesiasticum
741 3093 814 3140 non
839 3068 952 3142 semel
977 3068 1126 3167 respicit
1145 3070 1367 3161 (Demonstr.
1389 3094 1474 3153 xm,
1496 3070 1536 3154 53
1558 3093 1666 3152 xxm,
1694 3067 1762 3161 19).
1785 3065 1840 3139 Cf.
1864 3066 1938 3139 De·

336 3213 488 3272 monstr.
511 3227 586 3287 xrv,
607 3202 673 3287 45,
696 3226 767 3300 quo
787 3201 869 3274 loco
888 3215 925 3274 et
945 3201 1155 3300 Sapientiae
1175 3201 1268 3275 libro
1288 3200 1433 3274 videtur
1451 3199 1575 3273 forsan
1596 3199 1771 3272 alludere.
1795 3197 1938 3272 Cantici

335 3332 476 3404 nullum
504 3333 625 3406 locum
653 3333 797 3406 videtur
824 3334 1039 3433 protulisse,
1062 3334 1148 3408 licet
1176 3359 1323 3407 versum
1350 3332 1525 3407 Matthaei
1550 3359 1648 3418 xxiv,
1671 3333 1718 3404 31
1745 3330 1792 3403 ad
1816 3331 1938 3405 locum

337 3468 442 3539 Cant.
467 3493 510 3553 u,
532 3468 594 3554 11,
616 3467 658 3538 13
679 3466 960 3541 conformaverit
978 3471 1201 3559 (Demonstr.
1219 3495 1274 3553 vr,
1297 3469 1367 3563 19).
1390 3465 1655 3540 Macchabaeos
1676 3464 1863 3564 quaternis
1883 3464 1939 3536 vi·

336 3597 441 3671 cibus
460 3598 622 3672 laudavit
640 3603 863 3692 (Demonstr.
881 3628 921 3688 v,
944 3601 1009 3688 10,
1028 3628 1112 3687 xur,
1139 3601 1200 3689 11;
1222 3628 1299 3687 xxv,
1322 3601 1387 3687 11,
1409 3627 1516 3685 xxru,
1539 3602 1610 3694 55).
1634 3602 1788 3697 lnsuper
1806 3597 1939 3670 Antio-

337 3732 464 3819 chum,
487 3733 549 3832 qui
569 3733 606 3805 in
627 3732 684 3805 bis
704 3733 807 3806 libris
830 3735 937 3806 unice
958 3748 1200 3832 nuncupatur,
1223 3734 1369 3807 nomine
1389 3733 1526 3833 pluries
1549 3732 1763 3830 appellavit,
1787 3730 1939 3830 eiusque

336 3879 491 3939 mortem
515 3866 758 3939 miserrimam
782 3867 922 3954 retulit,
950 3866 1117 3967 allegans
1140 3867 1261 3940 locum
1289 3871 1321 3939 ll
1341 3867 1483 3940 Macch.
1508 3894 1560 3951 rx,
1586 3868 1629 3937 18
1654 3869 1878 3957 (Demonstr.
1902 3892 1936 3948 v,

337 3998 408 4093 10).
429 3998 619 4072 Librorum
639 4012 761 4072 autem
780 3999 945 4071 Danielis
964 4012 1002 4073 et
1017 3999 1149 4073 Esther
1167 4013 1291 4098 partes
1311 3999 1679 4084 deuterocanonicae,
1698 4011 1762 4071 aut
1779 3997 1940 4095 prophe·

337 4131 388 4204 tia
405 4132 565 4217 Bamch,
584 4131 682 4230 apud
697 4132 919 4229 Apbraatem
939 4158 1012 4204 non
1032 4146 1197 4231 repertae
1217 4146 1315 4205 sunt.
1333 4136 1612 4219 Verumtamen,
1630 4131 1728 4230 quod
1749 4134 1939 4203 Suzannae

337 4263 395 4337 vel
419 4265 598 4337 Draconis
622 4263 795 4337 historias
814 4290 860 4337 ne
880 4290 953 4337 uno
978 4265 1124 4363 quidem
1146 4265 1258 4339 verbo
1282 4266 1465 4367 attigerit,
1487 4290 1570 4338 cum
1590 4266 1627 4336 in
1646 4264 1940 4337 Demonstratio-

338 4396 446 4469 nibus
471 4424 508 4469 vr
533 4411 570 4470 et
594 4425 683 4470 xvm
707 4397 864 4496 plurima
888 4398 1068 4471 castitatis
1093 4399 1259 4499 exempla
1283 4425 1302 4472 e
1328 4398 1527 4498 Scripturis
1551 4398 1748 4498 allegaret,
1770 4410 1833 4470 aut
1857 4421 1939 4470 eum

339 4530 503 4603 Danielis
527 4530 638 4603 verba
662 4544 815 4630 actaque
840 4531 878 4603 in
900 4543 980 4604 toto
1004 4557 1114 4629 opere
1138 4532 1354 4619 adduceret,
1377 4532 1476 4604 haud
1499 4531 1604 4604 facile
1629 4531 1886 4629 explicaretur,
1909 4529 1940 4602 si

340 4664 406 4736 has
426 4664 628 4737 Bibliorum
647 4677 770 4763 partes
790 4690 877 4763 prae
897 4664 1066 4738 manibus
1086 4664 1287 4739 habuisset.

413 4801 440 4871 Ε
468 4801 570 4871 Novo
589 4801 824 4871 Testamenta
844 4797 1140 4897 frequentissima
1164 4799 1245 4872 loca
1265 4813 1421 4897 quatuor
1441 4798 1724 4899 Evangeliornm
1744 4797 1940 4895 depromp-

340 4931 409 5017 sit,
427 4930 523 5003 inter
542 4956 634 5029 quae
656 4930 920 5032 significandus
939 4933 1052 5005 Marc.
1074 4959 1152 5019 xvv,
1178 4933 1220 5005 17
1240 4958 1342 5032 seqq.
1360 4937 1581 5025 (Demonstr.
1606 4959 1635 5017 1,
1664 4933 1732 5019 17),
1750 4931 1854 5003 cuius
1873 4955 1941 5003 au·

338 5063 478 5137 thentia
499 5064 703 5163 aliquorum
724 5064 858 5138 iudicio
881 5064 1086 5163 improbata
1106 5078 1175 5139 est.
1197 5069 1251 5139 Ex
1270 5067 1446 5165 Epistolis
1464 5067 1573 5140 etiam
1593 5065 1714 5150 Pauli,
1735 5092 1753 5135 a
1771 5063 1941 5136 Doctoris

339 5197 509 5271 Gentium
533 5226 550 5269 a
573 5202 795 5291 (Demonstr.
817 5227 924 5287 xxm,
946 5199 1024 5295 61),
1043 5199 1101 5272 cui
1123 5211 1160 5272 et
1180 5201 1382 5298 Epistolam
1406 5200 1453 5273 ad
1477 5199 1664 5274 Hebraeos
1690 5197 1828 5271 addicit
1854 5199 1941 5290 (De-

340 5345 546 5418 monster,
573 5334 634 5419 16;
658 5361 702 5419 ιι,
728 5335 790 5420 14;
812 5360 875 5421 xx,
902 5333 976 5430 16),
998 5333 1163 5431 exempla
1182 5333 1336 5431 profert,
1359 5334 1521 5432 exceptis
1545 5332 1712 5431 epistolis
1734 5330 1871 5419 tribus,
1895 5328 1940 5402 ad

343 5464 693 5539 Thessalonicenses
720 5465 852 5551 altera,
879 5466 925 5538 ad
951 5467 1092 5553 Titum,
1119 5466 1165 5539 ad
1192 5466 1454 5539 Philemonem.
1477 5467 1635 5539 Actuum
1662 5490 1824 5565 quoque,
1848 5486 1939 5562 quos

344 5598 576 5674 «Duodecim
592 5600 852 5697 Apostolorum
868 5600 1177 5698 praedicationem
1191 5627 1209 5669 t>
1226 5620 1314 5699 ‚ss-
1331 5620 1433 5702 susq
1447 5621 1551 5680 horos
1568 5604 1790 5693 (Demonstr.
1803 5625 1862 5684 xx,
1880 5596 1936 5669 10.

340 5732 396 5806 Cf.
419 5736 629 5806 Demonstr.
658 5759 764 5819 xxm,
787 5733 843 5829 1),
866 5731 952 5805 alibi
976 5756 1082 5821 vero,
1105 5733 1306 5807 secuudum
1331 5734 1478 5808 solitam
1501 5733 1802 5834 appellationem,
1829 5751 1938 5808 wit
