4120 6456
680 459 878 525 CODICUM
899 459 1172 524 DESCRIPTIO.
1626 483 1727 524 uxxur

133 703 1404 721 ................................
1428 650 1605 721 deuterum
1628 675 1727 722 suom

133 836 1581 854 ....................................
1614 786 1729 857 venire

131 969 1444 987 .................................
1475 918 1660 1009 prudentes
1688 918 1729 1011 [P]

129 1074 204 1121 cum
223 1052 268 1122 iis
286 1053 347 1143 qui
360 1048 1089 1143 1818981881[1]...1118110181118821888818
1109 1050 1299 1120 Solootoris
1318 1050 1488 1120 dicentis:
1510 1051 1605 1135 Veni,
1630 1054 1729 1123 benc-

129 1185 214 1254 diotc
231 1184 347 1254 Patris
370 1184 455 1267 mei,
471 1183 604 1276 posside
622 1205 765 1274 repoum
785 1184 955 1253 coelorum
981 1205 1057 1253 cum
1083 1183 1128 1253 iis
1153 1184 1213 1276 qui
1230 1184 1438 1275 placuerunt
1463 1185 1564 1268 mitt,
1589 1186 1626 1254 io
1651 1209 1730 1255 soe-

129 1318 207 1387 culo
224 1318 448 1388 soeculorum.
471 1321 588 1387 Amen.

201 1451 371 1542 Scriptum
395 1472 487 1520 anno
509 1450 783 1541 octiopcutesimo
806 1449 969 1541 uicesimo
996 1450 1092 1519 tertio
1119 1451 1337 1534 Graecorum,
1366 1473 1478 1519 mense
1504 1454 1627 1522 Conon
1647 1474 1731 1544 pos·

130 1584 246 1653 tenori
264 1580 442 1672 (ianuario
462 1580 548 1651 anni
567 1580 638 1652 510
658 1593 741 1678 post
761 1580 973 1674 Christum).

203 1716 256 1786 De
283 1713 411 1786 ultimo
436 1712 584 1787 tandem
610 1712 699 1785 folio
729 1715 814 1798 175,
841 1712 879 1784 in
905 1725 1176 1812 tegumentum,
1198 1725 1239 1785 ut
1265 1713 1422 1797 videtur,
1446 1713 1629 1801 adhibito,
1652 1713 1731 1786 exi-

130 1873 204 1946 gua
223 1859 391 1945 superest
410 1846 588 1945 particula
606 1846 753 1940 (uorsa
773 1849 875 1940 mm.)
895 1846 1029 1933 scissa,
1047 1845 1201 1944 oleoque
1221 1846 1322 1944 prius
1342 1845 1473 1934 oblita,
1491 1846 1528 1918 in
1549 1873 1620 1945 qua
1640 1848 1730 1920 haec

129 1979 243 2052 latina
261 1980 436 2079 leguntur
454 1978 660 2052 uncialibus
680 1979 773 2051 sexti
794 1979 924 2052 saltem
944 1979 1082 2051 saeculi
1102 1978 1374 2052 characteribus
1397 2007 1405 2051 :

725 2170 923 2240 181111
952 2171 1134 2241 corros

728 2303 859 2395 ouon
931 2303 1137 2374 vesunt

993 2437 1132 2506 consi
1158 2524 1162 2531 .

131 2663 225 2736 quae
244 2636 291 2709 ad
311 2637 552 2736 Evangelium
572 2640 690 2710 Lucae
709 2641 791 2731 (xm,
813 2637 878 2723 23,
901 2637 960 2730 24)
978 2636 1175 2735 pertinent.
1200 2639 1245 2708 Et
1264 2662 1392 2709 aversa
1417 2637 1559 2725 charta,
1583 2636 1731 2726 iisdem,

131 2771 252 2870 magis
270 2784 392 2844 tamen
413 2770 621 2869 conspicuis
641 2769 828 2869 aliquanto
848 2768 980 2842 litteris
1003 2796 1010 2840 :

718 2961 834 3043 olm
897 2960 1146 3030 totrtnou

720 3094 764 3163 ΙΤ
793 3095 934 3164 rotat
968 3094 1148 3164 vestro
1208 3158 1212 3165 .

722 3228 843 3297 ΙΙΑΙΙΕ

131 3429 243 3522 (ibid,
268 3454 337 3514 xu,
360 3427 431 3521 32).
455 3429 584 3502 Cetera
605 3426 641 3499 iu
661 3426 893 3499 membranae
914 3427 1074 3499 scissura
1094 3453 1167 3499 non
1188 3440 1376 3526 apparent.

209 3652 277 3722 Pro
304 3649 623 3722 Demonstrationis
648 3675 736 3721 xxm
763 3649 912 3721 tertium
938 3648 1172 3721 adhibuimus
1199 3650 1361 3722 codicem
1389 3650 1426 3721 in
1453 3648 1581 3721 eodem
1608 3651 1736 3720 Museo

4 3852 6 3895 ζ
135 3782 363 3870 Britannico,
381 3781 449 3854 hac
468 3795 555 3855 nota
578 3789 667 3855 :Ma
682 3780 813 3856 orient.
838 3782 928 3854 1017
950 3781 1173 3881 signatum¹.
1193 3785 1285 3855 Eum
1303 3782 1426 3855 littora
1444 3782 1472 3856 C
1491 3782 1734 3855 notavimus².

232 3917 338 3987 Anno
358 3917 577 3988 Graecorum
602 3915 710 4001 1675,
727 3928 811 4014 post
831 3914 1017 3989 Christum
1042 3915 1150 4002 1364,
1170 3915 1347 4002 indictus,
1365 3915 1501 3987 selecta
1521 3940 1632 4013 opera
1652 3917 1738 3985 Bar·

4 4136 6 4139 ,
134 4048 282 4120 hebraei
301 4048 339 4120 in
358 4048 471 4147 priori
497 4061 599 4146 parte
626 4047 896 4147 complectitur,
919 4049 956 4120 in
977 4049 1090 4121 altera
1114 4074 1200 4121 vero
1225 4073 1317 4147 opus
1345 4048 1552 4147 quodquam
1580 4045 1737 4119 chrono-

4 4202 5 4211 ’
134 4181 368 4279 graphicum,
384 4181 573 4254 exordium
593 4207 741 4253 sumens
756 4207 776 4253 a
792 4182 973 4256 Chronico
993 4182 1210 4280 Aphraatis,
1232 4182 1330 4281 quod
1350 4181 1387 4253 in
1404 4181 1521 4280 prima
1540 4193 1642 4279 parte
1662 4183 1738 4253 De-

134 4314 411 4386 monstrationis
436 4341 525 4386 xxm
553 4315 822 4388 continentur³,
842 4317 941 4388 Haec
963 4340 1050 4388 vero
1075 4340 1167 4414 quae
1196 4316 1247 4387 ita
1267 4340 1286 4387 e
1306 4314 1626 4388 Demonstratione
1648 4340 1737 4385 xxm

4 4516 5 4555 p
134 4446 333 4544 Aphraatis
352 4448 543 4546 desumpta
567 4461 652 4521 sunt
677 4447 912 4521 includuntur
930 4475 951 4521 a
972 4447 1034 4520 fol.
1058 4450 1127 4521 159
1146 4474 1170 4520 o
1191 4448 1299 4520 huius
1320 4447 1457 4520 codicia
1478 4447 1524 4519 ad
1544 4447 1605 4520 sol.
1629 4447 1697 4519 170
1716 4474 1738 4518 o

135 4575 233 4665 (Vid.
251 4581 347 4649 Potr.
365 4579 443 4671 Syr.
462 4602 499 4675 p.
518 4579 551 4663 1,
568 4590 596 4650 t.
616 4580 666 4663 ΙΙ,
685 4601 738 4649 co.
763 4578 873 4671 1-93),
896 4576 1099 4674 praemisso
1119 4575 1379 4677 titubantem
1396 4562 1598 4683 1112141181
1620 4594 1738 4679 tang?

138 4754 158 4787 e,
175 4707 306 4791 libanu&
322 4725 381 4822 iffa
395 4728 455 4815 M:
471 4708 550 4789 111328
565 4751 572 4779 r
588 4727 637 4815 Qui
653 4730 751 4824 mm]
771 4722 842 4781 obsi
860 4708 936 4811 uisi?
954 4731 1024 4791 lm..
1042 4731 1179 4788 οωῖνᾶ
1198 4724 1292 4798 catat
1311 4707 1412 4814 Q?
1431 4712 1636 4782 Artoeiliaute
1653 4714 1733 4792 Deo,

199 4968 206 5004 ¹
225 4966 279 5034 W.
294 4966 441 5051 Wrigbt,
461 4966 642 5052 Catologue
657 4966 757 5050 osche
770 4970 884 5048 syriae
899 4966 1125 5049 Monuccripts
1140 4969 1175 5030 io
1191 4966 1243 5028 tlte
1257 4966 1384 5029 urunt
1398 4964 1561 5044 Muscam,
1579 4986 1612 5048 p.
1626 4969 1695 5027 896.

198 5074 349 5137 ²H0rum
363 5073 509 5138 codicum
525 5074 701 5157 specimina
719 5073 819 5137 lector
838 5072 921 5136 infra
940 5073 1093 5157 reperiet,
1109 5073 1232 5137 scilicet
1250 5072 1332 5136 Cod.
1347 5074 1394 5146 A,
1410 5070 1473 5134 Ms.
1491 5071 1574 5134 hdd.
1593 5075 1645 5147 14,
1663 5076 1737 5147 619,

137 5180 195 5244 sol.
211 5181 295 5260 211,
313 5201 342 5244 c.
360 5186 389 5256 1,
402 5180 437 5244 ΙΙ.
455 5185 505 5243 1-5
521 5180 595 5262 (vid.
611 5189 636 5243 t.
652 5180 677 5256 Ι,
693 5200 720 5243 c.
740 5185 806 5257 168,
822 5180 858 5242 ΙΙ.
875 5182 987 5262 1013),
1003 5180 1083 5245 eod.
1099 5183 1137 5255 Β,
1152 5179 1216 5243 Μ8.
1233 5179 1316 5242 Ado.
1336 5184 1384 5255 17,
1401 5182 1468 5254 182,
1486 5177 1540 5241 fol.
1558 5184 1596 5241 59
1611 5178 1640 5257 b,
1658 5198 1685 5242 o.
1706 5184 1738 5255 1;

138 5286 595 5368 11.1-81111.1.1,1.281,1.
613 5292 666 5363 ro,
684 5308 712 5351 c.
729 5288 843 5362 285,1.
860 5289 905 5369 3),
923 5287 1004 5351 eod.
1023 5289 1063 5362 8,
1081 5286 1144 5350 Ms.
1162 5292 1210 5362 17,
1231 5292 1302 5362 182,
1319 5285 1374 5348 ror.
1393 5291 1451 5348 116
1471 5286 1504 5364 c,
1522 5306 1551 5348 c.
1569 5284 1740 5361 1,11.8-12

139 5394 216 5475 (vid.
236 5403 260 5456 t.
281 5394 310 5471 Ι,
327 5415 356 5458 c.
376 5394 496 5471 708,]1.
519 5395 635 5477 13-17),
652 5394 733 5458 Cod.
749 5397 787 5469 0,
805 5394 865 5457 Ms.
886 5395 1011 5458 Orient.
1031 5398 1119 5470 1017,
1136 5393 1191 5457 fol.
1210 5392 1445 5472 158α,11.811.
1464 5391 1538 5473 (vid.
1549 5399 1579 5453 t.
1597 5390 1687 5468 11,c.
1706 5398 1737 5467 1,

137 5500 175 5563 ll.
194 5502 265 5582 14).

201 5607 214 5643 ²
229 5606 277 5670 Cr.
291 5606 399 5671 Rosen
413 5617 445 5672 et
457 5607 603 5685 Forshal‚
623 5609 802 5693 Catulogus
816 5612 1118 5692 munuscrrptorum
1134 5607 1341 5671 orientolium
1358 5608 1460 5690 quiin
1474 5605 1589 5669 Museo
1603 5606 1741 5669 Britan·

4 5756 5 5811 3
137 5715 217 5775 nico
230 5728 451 5791 occurremur,
467 5716 547 5779 Pars
562 5715 586 5791 1,
604 5715 751 5792 Londini,
769 5720 855 5791 1838,
872 5738 905 5800 p.
921 5721 971 5779 86.
