<?xml version="1.0" encoding="UTF-8"?>
<!DOCTYPE html PUBLIC "-//W3C//DTD XHTML 1.0 Transitional//EN"
    "http://www.w3.org/TR/xhtml1/DTD/xhtml1-transitional.dtd">
<html xmlns="http://www.w3.org/1999/xhtml" xml:lang="en" lang="en">
 <head>
  <title>
</title>
<meta http-equiv="Content-Type" content="text/html;charset=utf-8" />
  <meta name='ocr-system' content='tesseract 3.04.00' />
  <meta name='ocr-capabilities' content='ocr_page ocr_carea ocr_par ocr_line ocrx_word'/>
</head>
<body>
  <div class='ocr_page' id='page_1' title='image "./patrologiasyria01grafgoog_0079.png"; bbox 0 0 4120 6456; ppageno 0'>
   <div class='ocr_carea' id='block_1_1' title="bbox 663 489 1713 555">
    <p class='ocr_par' dir='ltr' id='par_1_1' title="bbox 663 489 1713 555">
     <span class='ocr_line' id='line_1_1' title="bbox 663 489 1713 555; baseline 0.001 -3"><span class='ocrx_word' id='word_1_1' title='bbox 663 490 907 555; x_wconf 86' lang='lat' dir='ltr'>APHRAATIS</span> <span class='ocrx_word' id='word_1_2' title='bbox 929 489 1164 555; x_wconf 79' lang='lat' dir='ltr'><strong>DOCTRINA.</strong></span> <span class='ocrx_word' id='word_1_3' title='bbox 1653 513 1713 554; x_wconf 78' lang='lat' dir='ltr'>uxr</span> 
     </span>
    </p>
   </div>
   <div class='ocr_carea' id='block_1_2' title="bbox 119 678 1714 1174">
    <p class='ocr_par' dir='ltr' id='par_1_2' title="bbox 119 678 1714 1174">
     <span class='ocr_line' id='line_1_2' title="bbox 119 678 1710 777; baseline 0.002 -28"><span class='ocrx_word' id='word_1_4' title='bbox 119 704 153 776; x_wconf 89' lang='lat' dir='ltr'>p.</span> <span class='ocrx_word' id='word_1_5' title='bbox 170 683 286 771; x_wconf 78' lang='lat' dir='ltr'>xxm),</span> <span class='ocrx_word' id='word_1_6' title='bbox 302 678 398 751; x_wconf 90' lang='lat' dir='ltr'>etde</span> <span class='ocrx_word' id='word_1_7' title='bbox 414 690 511 751; x_wconf 90' lang='lat' dir='ltr'>statu</span> <span class='ocrx_word' id='word_1_8' title='bbox 527 703 649 751; x_wconf 89' lang='lat' dir='ltr'>rernm</span> <span class='ocrx_word' id='word_1_9' title='bbox 666 679 702 750; x_wconf 94' lang='lat' dir='ltr'>in</span> <span class='ocrx_word' id='word_1_10' title='bbox 718 678 885 751; x_wconf 88' lang='lat' dir='ltr'>ecclesiis</span> <span class='ocrx_word' id='word_1_11' title='bbox 901 704 922 752; x_wconf 91' lang='lat' dir='ltr'>a</span> <span class='ocrx_word' id='word_1_12' title='bbox 939 703 1049 752; x_wconf 88' lang='lat' dir='ltr'>saevo</span> <span class='ocrx_word' id='word_1_13' title='bbox 1064 693 1220 777; x_wconf 81' lang='lat' dir='ltr'>tyranno</span> <span class='ocrx_word' id='word_1_14' title='bbox 1234 678 1375 751; x_wconf 86' lang='lat' dir='ltr'>vexatis</span> <span class='ocrx_word' id='word_1_15' title='bbox 1394 681 1617 771; x_wconf 89' lang='lat' dir='ltr'>(Demonstr.</span> <span class='ocrx_word' id='word_1_16' title='bbox 1632 707 1710 765; x_wconf 79' lang='lat' dir='ltr'>xxi,</span> 
     </span>
     <span class='ocr_line' id='line_1_3' title="bbox 119 810 1714 911; baseline 0.003 -30"><span class='ocrx_word' id='word_1_17' title='bbox 119 811 190 904; x_wconf 73' lang='lat'><strong>23).</strong></span> <span class='ocrx_word' id='word_1_18' title='bbox 212 811 375 884; x_wconf 80' lang='lat' dir='ltr'><strong>Accedat</strong></span> <span class='ocrx_word' id='word_1_19' title='bbox 402 810 560 910; x_wconf 93' lang='lat' dir='ltr'>denique</span> <span class='ocrx_word' id='word_1_20' title='bbox 590 812 727 884; x_wconf 91' lang='lat' dir='ltr'>mentio</span> <span class='ocrx_word' id='word_1_21' title='bbox 756 810 801 884; x_wconf 84' lang='lat' dir='ltr'>ab</span> <span class='ocrx_word' id='word_1_22' title='bbox 833 837 876 885; x_wconf 91' lang='lat' dir='ltr'>eo</span> <span class='ocrx_word' id='word_1_23' title='bbox 909 810 1051 909; x_wconf 89' lang='lat' dir='ltr'>prolata</span> <span class='ocrx_word' id='word_1_24' title='bbox 1083 811 1247 911; x_wconf 88' lang='lat' dir='ltr'>martyrii</span> <span class='ocrx_word' id='word_1_25' title='bbox 1273 811 1522 910; x_wconf 89' lang='lat' dir='ltr'>apostolorum</span> <span class='ocrx_word' id='word_1_26' title='bbox 1550 812 1648 885; x_wconf 89' lang='lat' dir='ltr'>Petri</span> <span class='ocrx_word' id='word_1_27' title='bbox 1678 825 1714 885; x_wconf 90' lang='lat' dir='ltr'>et</span> 
     </span>
     <span class='ocr_line' id='line_1_4' title="bbox 121 943 1714 1043; baseline 0.001 -27"><span class='ocrx_word' id='word_1_28' title='bbox 121 943 241 1026; x_wconf 89' lang='lat' dir='ltr'>Pauli,</span> <span class='ocrx_word' id='word_1_29' title='bbox 261 943 382 1017; x_wconf 90' lang='lat' dir='ltr'>lacobi</span> <span class='ocrx_word' id='word_1_30' title='bbox 398 969 542 1042; x_wconf 91' lang='lat' dir='ltr'>quoque</span> <span class='ocrx_word' id='word_1_31' title='bbox 561 957 598 1016; x_wconf 89' lang='lat' dir='ltr'>et</span> <span class='ocrx_word' id='word_1_32' title='bbox 615 944 805 1031; x_wconf 82' lang='lat' dir='ltr'>Iohannis,</span> <span class='ocrx_word' id='word_1_33' title='bbox 820 970 862 1017; x_wconf 88' lang='lat' dir='ltr'>ac</span> <span class='ocrx_word' id='word_1_34' title='bbox 882 944 1150 1043; x_wconf 81' lang='lat' dir='ltr'>persecutionis</span> <span class='ocrx_word' id='word_1_35' title='bbox 1164 970 1185 1016; x_wconf 88' lang='lat' dir='ltr'>a</span> <span class='ocrx_word' id='word_1_36' title='bbox 1201 944 1428 1018; x_wconf 91' lang='lat' dir='ltr'>Diocletiano</span> <span class='ocrx_word' id='word_1_37' title='bbox 1448 943 1484 1015; x_wconf 96' lang='lat' dir='ltr'>in</span> <span class='ocrx_word' id='word_1_38' title='bbox 1501 944 1714 1019; x_wconf 80' lang='lat' dir='ltr'>Occidentis</span> 
     </span>
     <span class='ocr_line' id='line_1_5' title="bbox 119 1076 568 1174; baseline 0.002 -26"><span class='ocrx_word' id='word_1_39' title='bbox 119 1076 284 1174; x_wconf 89' lang='lat' dir='ltr'>partibus</span> <span class='ocrx_word' id='word_1_40' title='bbox 304 1076 425 1150; x_wconf 90' lang='lat' dir='ltr'>illatae</span> <span class='ocrx_word' id='word_1_41' title='bbox 445 1079 568 1171; x_wconf 71' lang='lat' dir='ltr'>(itin).</span> 
     </span>
    </p>
   </div>
   <div class='ocr_carea' id='block_1_3' title="bbox 192 1289 1759 1390">
    <p class='ocr_par' dir='ltr' id='par_1_3' title="bbox 192 1289 1759 1390">
     <span class='ocr_line' id='line_1_6' title="bbox 192 1289 1759 1390; baseline 0.001 -28"><span class='ocrx_word' id='word_1_42' title='bbox 192 1289 265 1363; x_wconf 89' lang='lat' dir='ltr'>Sed</span> <span class='ocrx_word' id='word_1_43' title='bbox 292 1315 384 1388; x_wconf 89' lang='lat' dir='ltr'>quae</span> <span class='ocrx_word' id='word_1_44' title='bbox 408 1290 453 1364; x_wconf 91' lang='lat' dir='ltr'>de</span> <span class='ocrx_word' id='word_1_45' title='bbox 481 1292 742 1365; x_wconf 87' lang='lat' dir='ltr'>monachorum</span> <span class='ocrx_word' id='word_1_46' title='bbox 768 1289 913 1363; x_wconf 87' lang='lat' dir='ltr'>vivendi</span> <span class='ocrx_word' id='word_1_47' title='bbox 941 1315 1077 1390; x_wconf 83' lang='lat' dir='ltr'>genere</span> <span class='ocrx_word' id='word_1_48' title='bbox 1106 1316 1150 1364; x_wconf 85' lang='lat' dir='ltr'>ex</span> <span class='ocrx_word' id='word_1_49' title='bbox 1173 1289 1357 1388; x_wconf 83' lang='lat' dir='ltr'>Apbraate</span> <span class='ocrx_word' id='word_1_50' title='bbox 1383 1291 1499 1363; x_wconf 91' lang='lat' dir='ltr'>libare</span> <span class='ocrx_word' id='word_1_51' title='bbox 1526 1292 1629 1390; x_wconf 92' lang='lat' dir='ltr'>potui</span> <span class='ocrx_word' id='word_1_52' title='bbox 1652 1290 1713 1363; x_wconf 87' lang='lat' dir='ltr'>vix</span> <span class='ocrx_word' id='word_1_53' title='bbox 1755 1303 1759 1311; x_wconf 82' lang='lat'><strong><em>&#39;</em></strong></span> 
     </span>
    </p>
   </div>
   <div class='ocr_carea' id='block_1_4' title="bbox 120 1423 1823 1522">
    <p class='ocr_par' dir='ltr' id='par_1_4' title="bbox 120 1423 1823 1522">
     <span class='ocr_line' id='line_1_7' title="bbox 120 1423 1823 1522; baseline 0.002 -27"><span class='ocrx_word' id='word_1_54' title='bbox 120 1423 206 1495; x_wconf 90' lang='lat' dir='ltr'>mibi</span> <span class='ocrx_word' id='word_1_55' title='bbox 235 1423 460 1521; x_wconf 84' lang='lat' dir='ltr'>pepercerim</span> <span class='ocrx_word' id='word_1_56' title='bbox 491 1424 694 1509; x_wconf 83' lang='lat' dir='ltr'>remittere,</span> <span class='ocrx_word' id='word_1_57' title='bbox 724 1450 807 1497; x_wconf 89' lang='lat' dir='ltr'>cum</span> <span class='ocrx_word' id='word_1_58' title='bbox 834 1449 951 1522; x_wconf 93' lang='lat' dir='ltr'>pauca</span> <span class='ocrx_word' id='word_1_59' title='bbox 980 1424 1232 1497; x_wconf 89' lang='lat' dir='ltr'>tantummodo</span> <span class='ocrx_word' id='word_1_60' title='bbox 1261 1424 1414 1522; x_wconf 88' lang='lat' dir='ltr'>scripta,</span> <span class='ocrx_word' id='word_1_61' title='bbox 1444 1449 1511 1497; x_wconf 93' lang='lat' dir='ltr'>nec</span> <span class='ocrx_word' id='word_1_62' title='bbox 1540 1423 1614 1497; x_wconf 87' lang='lat' dir='ltr'>lere</span> <span class='ocrx_word' id='word_1_63' title='bbox 1640 1424 1713 1497; x_wconf 94' lang='lat' dir='ltr'>nisi</span> <span class='ocrx_word' id='word_1_64' title='bbox 1819 1493 1823 1499; x_wconf 91' lang='lat'>.</span> 
     </span>
    </p>
   </div>
   <div class='ocr_carea' id='block_1_5' title="bbox 119 1534 1713 1788">
    <p class='ocr_par' dir='ltr' id='par_1_5' title="bbox 119 1534 1713 1788">
     <span class='ocr_line' id='line_1_8' title="bbox 119 1534 1635 1656; baseline 0 -27"><span class='ocrx_word' id='word_1_65' title='bbox 119 1556 298 1655; x_wconf 90' lang='lat' dir='ltr'>sequioris</span> <span class='ocrx_word' id='word_1_66' title='bbox 318 1556 415 1641; x_wconf 88' lang='lat' dir='ltr'>aevi,</span> <span class='ocrx_word' id='word_1_67' title='bbox 432 1557 476 1630; x_wconf 90' lang='lat' dir='ltr'>de</span> <span class='ocrx_word' id='word_1_68' title='bbox 496 1556 698 1631; x_wconf 89' lang='lat' dir='ltr'>monastico</span> <span class='ocrx_word' id='word_1_69' title='bbox 715 1557 881 1630; x_wconf 91' lang='lat' dir='ltr'>instituto</span> <span class='ocrx_word' id='word_1_70' title='bbox 895 1557 933 1629; x_wconf 90' lang='lat' dir='ltr'>in</span> <span class='ocrx_word' id='word_1_71' title='bbox 952 1557 1103 1632; x_wconf 91' lang='lat' dir='ltr'>Oriente</span> <span class='ocrx_word' id='word_1_72' title='bbox 1118 1556 1164 1629; x_wconf 89' lang='lat' dir='ltr'>ad</span> <span class='ocrx_word' id='word_1_73' title='bbox 1179 1582 1246 1629; x_wconf 90' lang='lat' dir='ltr'>nos</span> <span class='ocrx_word' id='word_1_74' title='bbox 1261 1581 1376 1655; x_wconf 91' lang='lat' dir='ltr'>usque</span> <span class='ocrx_word' id='word_1_75' title='bbox 1392 1534 1635 1656; x_wconf 79' lang='lat' dir='ltr'>pervenerint.</span> 
     </span>
     <span class='ocr_line' id='line_1_9' title="bbox 191 1688 1713 1788; baseline 0.001 -27"><span class='ocrx_word' id='word_1_76' title='bbox 191 1688 313 1761; x_wconf 87' lang='lat' dir='ltr'>Variis</span> <span class='ocrx_word' id='word_1_77' title='bbox 344 1714 451 1786; x_wconf 87' lang='lat' dir='ltr'>porro</span> <span class='ocrx_word' id='word_1_78' title='bbox 482 1688 690 1763; x_wconf 81' lang='lat' dir='ltr'>nominibus</span> <span class='ocrx_word' id='word_1_79' title='bbox 720 1689 766 1762; x_wconf 90' lang='lat' dir='ltr'>ab</span> <span class='ocrx_word' id='word_1_80' title='bbox 793 1690 978 1788; x_wconf 80' lang='lat' dir='ltr'>Aphraate</span> <span class='ocrx_word' id='word_1_81' title='bbox 1009 1700 1277 1788; x_wconf 88' lang='lat' dir='ltr'>nuncupantur,</span> <span class='ocrx_word' id='word_1_82' title='bbox 1305 1701 1341 1761; x_wconf 90' lang='lat' dir='ltr'>et</span> <span class='ocrx_word' id='word_1_83' title='bbox 1368 1689 1524 1786; x_wconf 88' lang='lat' dir='ltr'>primum</span> <span class='ocrx_word' id='word_1_84' title='bbox 1551 1705 1616 1787; x_wconf 55' lang='lat' dir='ltr'>tuto</span> <span class='ocrx_word' id='word_1_85' title='bbox 1637 1689 1713 1763; x_wconf 87' lang='lat' dir='ltr'>sive</span> 
     </span>
    </p>
   </div>
   <div class='ocr_carea' id='block_1_6' title="bbox 1 1817 1715 1920">
    <p class='ocr_par' dir='ltr' id='par_1_6' title="bbox 1 1817 1715 1920">
     <span class='ocr_line' id='line_1_10' title="bbox 1 1817 1715 1920; baseline 0.001 -28"><span class='ocrx_word' id='word_1_86' title='bbox 1 1817 2 1820; x_wconf 50' lang='lat'>&#39;</span> <span class='ocrx_word' id='word_1_87' title='bbox 123 1821 278 1894; x_wconf 78' lang='lat' dir='ltr'>«sancti</span> <span class='ocrx_word' id='word_1_88' title='bbox 305 1852 322 1889; x_wconf 77' lang='lat' dir='ltr'>n</span> <span class='ocrx_word' id='word_1_89' title='bbox 345 1824 566 1915; x_wconf 90' lang='lat' dir='ltr'>(Demonstr.</span> <span class='ocrx_word' id='word_1_90' title='bbox 590 1849 619 1908; x_wconf 90' lang='lat'>1,</span> <span class='ocrx_word' id='word_1_91' title='bbox 640 1824 680 1907; x_wconf 80' lang='lat'>4;</span> <span class='ocrx_word' id='word_1_92' title='bbox 704 1850 762 1908; x_wconf 85' lang='lat' dir='ltr'>nr,</span> <span class='ocrx_word' id='word_1_93' title='bbox 788 1824 824 1907; x_wconf 90' lang='lat' dir='ltr'>l;</span> <span class='ocrx_word' id='word_1_94' title='bbox 847 1849 902 1908; x_wconf 89' lang='lat' dir='ltr'>vr,</span> <span class='ocrx_word' id='word_1_95' title='bbox 920 1824 943 1894; x_wconf 81' lang='lat'>4</span> <span class='ocrx_word' id='word_1_96' title='bbox 962 1835 998 1896; x_wconf 91' lang='lat' dir='ltr'>et</span> <span class='ocrx_word' id='word_1_97' title='bbox 1023 1822 1200 1920; x_wconf 88' lang='lat' dir='ltr'>saepius),</span> <span class='ocrx_word' id='word_1_98' title='bbox 1224 1820 1321 1919; x_wconf 89' lang='lat' dir='ltr'>quod</span> <span class='ocrx_word' id='word_1_99' title='bbox 1345 1820 1495 1920; x_wconf 86' lang='lat' dir='ltr'>speciali</span> <span class='ocrx_word' id='word_1_100' title='bbox 1520 1820 1715 1895; x_wconf 85' lang='lat' dir='ltr'>adhibetur</span> 
     </span>
    </p>
   </div>
   <div class='ocr_carea' id='block_1_7' title="bbox 1 1949 1715 2057">
    <p class='ocr_par' dir='ltr' id='par_1_7' title="bbox 1 1949 1715 2057">
     <span class='ocr_line' id='line_1_11' title="bbox 1 1949 1715 2057; baseline 0 -31"><span class='ocrx_word' id='word_1_101' title='bbox 1 1985 2 1988; x_wconf 42' lang='lat'>¹</span> <span class='ocrx_word' id='word_1_102' title='bbox 119 1979 228 2027; x_wconf 89' lang='lat' dir='ltr'>sensu</span> <span class='ocrx_word' id='word_1_103' title='bbox 242 1953 507 2041; x_wconf 59' lang='lat' dir='ltr'>continentiam</span> <span class='ocrx_word' id='word_1_104' title='bbox 528 1976 608 2057; x_wconf 55' lang='lat' dir='ltr'>tp...</span> <span class='ocrx_word' id='word_1_105' title='bbox 623 1959 844 2047; x_wconf 82' lang='lat' dir='ltr'>(Demonstr.</span> <span class='ocrx_word' id='word_1_106' title='bbox 862 1983 916 2040; x_wconf 88' lang='lat' dir='ltr'>vr,</span> <span class='ocrx_word' id='word_1_107' title='bbox 936 1957 1010 2028; x_wconf 77' lang='lat' dir='ltr'>lret</span> <span class='ocrx_word' id='word_1_108' title='bbox 1026 1957 1066 2041; x_wconf 84' lang='lat'>8;</span> <span class='ocrx_word' id='word_1_109' title='bbox 1085 1982 1149 2041; x_wconf 86' lang='lat' dir='ltr'>vn,</span> <span class='ocrx_word' id='word_1_110' title='bbox 1168 1955 1232 2041; x_wconf 71' lang='lat'>253</span> <span class='ocrx_word' id='word_1_111' title='bbox 1251 1949 1420 2049; x_wconf 69' lang='lat' dir='ltr'>v1n,23),</span> <span class='ocrx_word' id='word_1_112' title='bbox 1439 1954 1536 2054; x_wconf 89' lang='lat' dir='ltr'>quod</span> <span class='ocrx_word' id='word_1_113' title='bbox 1553 1985 1570 2021; x_wconf 77' lang='lat' dir='ltr'>c</span> <span class='ocrx_word' id='word_1_114' title='bbox 1589 1954 1715 2027; x_wconf 89' lang='lat' dir='ltr'>solita·</span> 
     </span>
    </p>
   </div>
   <div class='ocr_carea' id='block_1_8' title="bbox 119 2086 1711 2187">
    <p class='ocr_par' dir='ltr' id='par_1_8' title="bbox 119 2086 1711 2187">
     <span class='ocr_line' id='line_1_12' title="bbox 119 2086 1711 2187; baseline 0.002 -29"><span class='ocrx_word' id='word_1_115' title='bbox 119 2087 190 2160; x_wconf 87' lang='lat' dir='ltr'>rios</span> <span class='ocrx_word' id='word_1_116' title='bbox 208 2119 224 2154; x_wconf 69' lang='lat'>&gt;2</span> <span class='ocrx_word' id='word_1_117' title='bbox 241 2113 307 2160; x_wconf 90' lang='lat' dir='ltr'>sen</span> <span class='ocrx_word' id='word_1_118' title='bbox 323 2088 595 2161; x_wconf 87' lang='lat' dir='ltr'>«anachoretas</span> <span class='ocrx_word' id='word_1_119' title='bbox 617 2119 633 2154; x_wconf 91' lang='lat'>»</span> <span class='ocrx_word' id='word_1_120' title='bbox 651 2088 796 2186; x_wconf 85' lang='lat' dir='ltr'>proprie</span> <span class='ocrx_word' id='word_1_121' title='bbox 812 2088 996 2187; x_wconf 80' lang='lat' dir='ltr'>designat,</span> <span class='ocrx_word' id='word_1_122' title='bbox 1013 2113 1140 2161; x_wconf 88' lang='lat' dir='ltr'>verum</span> <span class='ocrx_word' id='word_1_123' title='bbox 1159 2088 1206 2161; x_wconf 89' lang='lat' dir='ltr'>ad</span> <span class='ocrx_word' id='word_1_124' title='bbox 1221 2086 1434 2161; x_wconf 81' lang='lat' dir='ltr'>coenobitas</span> <span class='ocrx_word' id='word_1_125' title='bbox 1454 2087 1711 2187; x_wconf 86' lang='lat' dir='ltr'>appellandos,</span> 
     </span>
    </p>
   </div>
   <div class='ocr_carea' id='block_1_9' title="bbox 1 2220 1718 3919">
    <p class='ocr_par' dir='ltr' id='par_1_9' title="bbox 1 2220 1717 3250">
     <span class='ocr_line' id='line_1_13' title="bbox 118 2220 1715 2320; baseline 0.001 -28"><span class='ocrx_word' id='word_1_126' title='bbox 118 2234 159 2292; x_wconf 93' lang='lat' dir='ltr'>ut</span> <span class='ocrx_word' id='word_1_127' title='bbox 181 2221 280 2318; x_wconf 92' lang='lat' dir='ltr'>apud</span> <span class='ocrx_word' id='word_1_128' title='bbox 297 2246 366 2294; x_wconf 92' lang='lat' dir='ltr'>nos</span> <span class='ocrx_word' id='word_1_129' title='bbox 396 2253 413 2287; x_wconf 88' lang='lat'>«</span> <span class='ocrx_word' id='word_1_130' title='bbox 436 2222 636 2294; x_wconf 89' lang='lat' dir='ltr'>monachus</span> <span class='ocrx_word' id='word_1_131' title='bbox 658 2249 695 2306; x_wconf 79' lang='lat' dir='ltr'>n,</span> <span class='ocrx_word' id='word_1_132' title='bbox 724 2221 929 2319; x_wconf 90' lang='lat' dir='ltr'>promiscue</span> <span class='ocrx_word' id='word_1_133' title='bbox 954 2235 1170 2320; x_wconf 87' lang='lat' dir='ltr'>usurpatum</span> <span class='ocrx_word' id='word_1_134' title='bbox 1196 2234 1262 2295; x_wconf 87' lang='lat' dir='ltr'>est.</span> <span class='ocrx_word' id='word_1_135' title='bbox 1295 2221 1501 2319; x_wconf 83' lang='lat' dir='ltr'>Apbraates</span> <span class='ocrx_word' id='word_1_136' title='bbox 1525 2220 1621 2293; x_wconf 89' lang='lat' dir='ltr'>enirn</span> <span class='ocrx_word' id='word_1_137' title='bbox 1640 2247 1715 2295; x_wconf 92' lang='lat' dir='ltr'>non</span> 
     </span>
     <span class='ocr_line' id='line_1_14' title="bbox 118 2353 1715 2463; baseline -0.001 -36"><span class='ocrx_word' id='word_1_138' title='bbox 118 2353 346 2427; x_wconf 88' lang='lat' dir='ltr'>solummodo</span> <span class='ocrx_word' id='word_1_139' title='bbox 358 2354 542 2428; x_wconf 90' lang='lat' dir='ltr'>solitarios</span> <span class='ocrx_word' id='word_1_140' title='bbox 556 2353 764 2452; x_wconf 81' lang='lat' dir='ltr'>alloquitur,</span> <span class='ocrx_word' id='word_1_141' title='bbox 781 2353 846 2427; x_wconf 94' lang='lat' dir='ltr'>sed</span> <span class='ocrx_word' id='word_1_142' title='bbox 861 2354 1060 2428; x_wconf 89' lang='lat' dir='ltr'>monachos</span> <span class='ocrx_word' id='word_1_143' title='bbox 1075 2354 1143 2427; x_wconf 86' lang='lat' dir='ltr'>sub</span> <span class='ocrx_word' id='word_1_144' title='bbox 1158 2355 1321 2452; x_wconf 86' lang='lat' dir='ltr'>praelato</span> <span class='ocrx_word' id='word_1_145' title='bbox 1339 2354 1504 2428; x_wconf 89' lang='lat' dir='ltr'>viventes</span> <span class='ocrx_word' id='word_1_146' title='bbox 1522 2353 1715 2463; x_wconf 77' lang='lat' dir='ltr'>compellat</span> 
     </span>
     <span class='ocr_line' id='line_1_15' title="bbox 118 2487 1715 2588; baseline 0 -29"><span class='ocrx_word' id='word_1_147' title='bbox 118 2489 341 2579; x_wconf 86' lang='lat' dir='ltr'>(Demonstr.</span> <span class='ocrx_word' id='word_1_148' title='bbox 362 2514 402 2574; x_wconf 87' lang='lat' dir='ltr'>x,</span> <span class='ocrx_word' id='word_1_149' title='bbox 422 2489 462 2574; x_wconf 78' lang='lat'>93</span> <span class='ocrx_word' id='word_1_150' title='bbox 485 2514 515 2572; x_wconf 92' lang='lat'>1,</span> <span class='ocrx_word' id='word_1_151' title='bbox 533 2487 598 2573; x_wconf 71' lang='lat'>203</span> <span class='ocrx_word' id='word_1_152' title='bbox 620 2515 689 2572; x_wconf 87' lang='lat' dir='ltr'>xn,</span> <span class='ocrx_word' id='word_1_153' title='bbox 715 2488 784 2583; x_wconf 73' lang='lat'>12).</span> <span class='ocrx_word' id='word_1_154' title='bbox 807 2487 987 2560; x_wconf 87' lang='lat' dir='ltr'>Dicuntur</span> <span class='ocrx_word' id='word_1_155' title='bbox 1010 2487 1120 2560; x_wconf 90' lang='lat' dir='ltr'>etiam</span> <span class='ocrx_word' id='word_1_156' title='bbox 1145 2505 1203 2567; x_wconf 65' lang='lat' dir='ltr'>uzal</span> <span class='ocrx_word' id='word_1_157' title='bbox 1230 2520 1247 2555; x_wconf 90' lang='lat'>«</span> <span class='ocrx_word' id='word_1_158' title='bbox 1276 2489 1448 2588; x_wconf 83' lang='lat' dir='ltr'>lugentes</span> <span class='ocrx_word' id='word_1_159' title='bbox 1472 2519 1489 2554; x_wconf 71' lang='lat' dir='ltr'>a</span> <span class='ocrx_word' id='word_1_160' title='bbox 1519 2512 1585 2560; x_wconf 89' lang='lat' dir='ltr'>seu</span> <span class='ocrx_word' id='word_1_161' title='bbox 1609 2514 1626 2558; x_wconf 82' lang='lat' dir='ltr'>c</span> <span class='ocrx_word' id='word_1_162' title='bbox 1654 2512 1715 2559; x_wconf 88' lang='lat' dir='ltr'>as-</span> 
     </span>
     <span class='ocr_line' id='line_1_16' title="bbox 1 2594 1716 2716; baseline -0.001 -23"><span class='ocrx_word' id='word_1_163' title='bbox 1 2609 2 2624; x_wconf 40' lang='lat'><em>*</em></span> <span class='ocrx_word' id='word_1_164' title='bbox 118 2633 219 2693; x_wconf 88' lang='lat' dir='ltr'>cetae</span> <span class='ocrx_word' id='word_1_165' title='bbox 243 2653 260 2687; x_wconf 90' lang='lat'>»</span> <span class='ocrx_word' id='word_1_166' title='bbox 284 2620 343 2713; x_wconf 85' lang='lat' dir='ltr'>(cl.</span> <span class='ocrx_word' id='word_1_167' title='bbox 362 2594 649 2706; x_wconf 57' lang='lat' dir='ltr'>Demonstrffnr,</span> <span class='ocrx_word' id='word_1_168' title='bbox 673 2623 708 2705; x_wconf 94' lang='lat' dir='ltr'>l,</span> <span class='ocrx_word' id='word_1_169' title='bbox 732 2646 765 2693; x_wconf 87' lang='lat' dir='ltr'>c.</span> <span class='ocrx_word' id='word_1_170' title='bbox 782 2622 844 2707; x_wconf 82' lang='lat'>99,</span> <span class='ocrx_word' id='word_1_171' title='bbox 862 2633 937 2693; x_wconf 90' lang='lat' dir='ltr'>not.</span> <span class='ocrx_word' id='word_1_172' title='bbox 956 2648 986 2707; x_wconf 91' lang='lat'>1,</span> <span class='ocrx_word' id='word_1_173' title='bbox 1009 2633 1045 2694; x_wconf 93' lang='lat' dir='ltr'>et</span> <span class='ocrx_word' id='word_1_174' title='bbox 1067 2623 1273 2695; x_wconf 88' lang='lat' dir='ltr'>Demonstr.</span> <span class='ocrx_word' id='word_1_175' title='bbox 1299 2649 1343 2709; x_wconf 93' lang='lat' dir='ltr'>n,</span> <span class='ocrx_word' id='word_1_176' title='bbox 1370 2623 1443 2716; x_wconf 82' lang='grc'>19),</span> <span class='ocrx_word' id='word_1_177' title='bbox 1465 2633 1502 2694; x_wconf 88' lang='lat' dir='ltr'>et</span> <span class='ocrx_word' id='word_1_178' title='bbox 1528 2636 1608 2711; x_wconf 54' lang='lat' dir='ltr'>uass</span> <span class='ocrx_word' id='word_1_179' title='bbox 1628 2623 1716 2713; x_wconf 91' lang='lat' dir='ltr'>(De-</span> 
     </span>
     <span class='ocr_line' id='line_1_17' title="bbox 117 2754 1715 2854; baseline 0.001 -29"><span class='ocrx_word' id='word_1_180' title='bbox 117 2766 269 2825; x_wconf 90' lang='lat' dir='ltr'>monstr.</span> <span class='ocrx_word' id='word_1_181' title='bbox 288 2780 343 2839; x_wconf 84' lang='lat' dir='ltr'>vr,</span> <span class='ocrx_word' id='word_1_182' title='bbox 360 2755 413 2849; x_wconf 82' lang='grc'>6),</span> <span class='ocrx_word' id='word_1_183' title='bbox 432 2766 471 2826; x_wconf 94' lang='lat' dir='ltr'>ut</span> <span class='ocrx_word' id='word_1_184' title='bbox 496 2754 593 2853; x_wconf 89' lang='lat' dir='ltr'>apud</span> <span class='ocrx_word' id='word_1_185' title='bbox 612 2756 771 2827; x_wconf 87' lang='lat' dir='ltr'>Graecos</span> <span class='ocrx_word' id='word_1_186' title='bbox 796 2766 952 2852; x_wconf 66' lang='grc' dir='ltr'><strong>μακάριοι.</strong></span> <span class='ocrx_word' id='word_1_187' title='bbox 972 2754 1044 2827; x_wconf 89' lang='lat' dir='ltr'>Sed</span> <span class='ocrx_word' id='word_1_188' title='bbox 1072 2755 1217 2854; x_wconf 90' lang='lat' dir='ltr'>saepius</span> <span class='ocrx_word' id='word_1_189' title='bbox 1243 2767 1419 2828; x_wconf 85' lang='lat' dir='ltr'>vocantur</span> <span class='ocrx_word' id='word_1_190' title='bbox 1446 2774 1508 2835; x_wconf 67' lang='grc' dir='ltr'>ιω</span> <span class='ocrx_word' id='word_1_191' title='bbox 1527 2779 1592 2839; x_wconf 66' lang='lat' dir='ltr'>aa,</span> <span class='ocrx_word' id='word_1_192' title='bbox 1618 2754 1715 2852; x_wconf 90' lang='lat' dir='ltr'>quod</span> 
     </span>
     <span class='ocr_line' id='line_1_18' title="bbox 117 2886 1715 2986; baseline -0.001 -28"><span class='ocrx_word' id='word_1_193' title='bbox 117 2886 165 2959; x_wconf 88' lang='lat' dir='ltr'>ad</span> <span class='ocrx_word' id='word_1_194' title='bbox 185 2887 344 2960; x_wconf 87' lang='lat' dir='ltr'>litteram</span> <span class='ocrx_word' id='word_1_195' title='bbox 364 2900 503 2961; x_wconf 78' lang='lat' dir='ltr'>sonat«</span> <span class='ocrx_word' id='word_1_196' title='bbox 526 2887 588 2960; x_wconf 87' lang='lat' dir='ltr'>filii</span> <span class='ocrx_word' id='word_1_197' title='bbox 604 2886 763 2960; x_wconf 83' lang='lat' dir='ltr'>foederis</span> <span class='ocrx_word' id='word_1_198' title='bbox 785 2915 818 2974; x_wconf 78' lang='lat' dir='ltr'>t,</span> <span class='ocrx_word' id='word_1_199' title='bbox 838 2913 974 2986; x_wconf 88' lang='lat' dir='ltr'>eosque</span> <span class='ocrx_word' id='word_1_200' title='bbox 994 2887 1179 2986; x_wconf 84' lang='lat' dir='ltr'>significat</span> <span class='ocrx_word' id='word_1_201' title='bbox 1198 2888 1315 2986; x_wconf 90' lang='lat' dir='ltr'>quise</span> <span class='ocrx_word' id='word_1_202' title='bbox 1335 2890 1413 2961; x_wconf 90' lang='lat' dir='ltr'>Deo</span> <span class='ocrx_word' id='word_1_203' title='bbox 1433 2887 1479 2960; x_wconf 92' lang='lat' dir='ltr'>ad</span> <span class='ocrx_word' id='word_1_204' title='bbox 1499 2886 1715 2962; x_wconf 88' lang='lat' dir='ltr'>servandam</span> 
     </span>
     <span class='ocr_line' id='line_1_19' title="bbox 116 3020 1717 3119; baseline -0.001 -27"><span class='ocrx_word' id='word_1_205' title='bbox 116 3020 382 3093; x_wconf 89' lang='lat' dir='ltr'>continentiam</span> <span class='ocrx_word' id='word_1_206' title='bbox 395 3034 496 3114; x_wconf 87' lang='lat' dir='ltr'>pacto</span> <span class='ocrx_word' id='word_1_207' title='bbox 518 3020 758 3106; x_wconf 88' lang='lat' dir='ltr'>devoverunt;</span> <span class='ocrx_word' id='word_1_208' title='bbox 782 3045 874 3119; x_wconf 89' lang='lat' dir='ltr'>quae</span> <span class='ocrx_word' id='word_1_209' title='bbox 893 3020 1090 3119; x_wconf 90' lang='lat' dir='ltr'>appellatio</span> <span class='ocrx_word' id='word_1_210' title='bbox 1109 3020 1155 3093; x_wconf 91' lang='lat' dir='ltr'>ab</span> <span class='ocrx_word' id='word_1_211' title='bbox 1176 3045 1324 3094; x_wconf 87' lang='lat' dir='ltr'>armeno</span> <span class='ocrx_word' id='word_1_212' title='bbox 1349 3022 1569 3094; x_wconf 90' lang='lat' dir='ltr'>translatore</span> <span class='ocrx_word' id='word_1_213' title='bbox 1594 3021 1717 3118; x_wconf 86' lang='lat' dir='ltr'>expri-</span> 
     </span>
     <span class='ocr_line' id='line_1_20' title="bbox 116 3152 714 3250; baseline 0.002 -26"><span class='ocrx_word' id='word_1_214' title='bbox 116 3152 230 3227; x_wconf 81' lang='lat' dir='ltr'>mitur</span> <span class='ocrx_word' id='word_1_215' title='bbox 247 3172 454 3250; x_wconf 62' lang='lat' dir='ltr'>mlummssp</span> <span class='ocrx_word' id='word_1_216' title='bbox 476 3184 493 3220; x_wconf 77' lang='lat' dir='ltr'>u</span> <span class='ocrx_word' id='word_1_217' title='bbox 515 3153 636 3226; x_wconf 79' lang='lat' dir='ltr'>devoti</span> <span class='ocrx_word' id='word_1_218' title='bbox 658 3157 714 3225; x_wconf 79' lang='lat'>»¹.</span> 
     </span>
    </p>

    <p class='ocr_par' dir='ltr' id='par_1_10' title="bbox 115 3285 1718 3919">
     <span class='ocr_line' id='line_1_21' title="bbox 193 3285 1716 3385; baseline -0.001 -26"><span class='ocrx_word' id='word_1_219' title='bbox 193 3289 291 3359; x_wconf 89' lang='lat' dir='ltr'>Haec</span> <span class='ocrx_word' id='word_1_220' title='bbox 314 3311 401 3360; x_wconf 92' lang='lat' dir='ltr'>vero</span> <span class='ocrx_word' id='word_1_221' title='bbox 422 3286 466 3359; x_wconf 92' lang='lat' dir='ltr'>de</span> <span class='ocrx_word' id='word_1_222' title='bbox 485 3286 745 3360; x_wconf 88' lang='lat' dir='ltr'>monachorum</span> <span class='ocrx_word' id='word_1_223' title='bbox 769 3287 844 3359; x_wconf 88' lang='lat' dir='ltr'>vita</span> <span class='ocrx_word' id='word_1_224' title='bbox 866 3311 911 3359; x_wconf 84' lang='lat' dir='ltr'>ex</span> <span class='ocrx_word' id='word_1_225' title='bbox 929 3285 1126 3385; x_wconf 80' lang='lat' dir='ltr'>Apbraatis</span> <span class='ocrx_word' id='word_1_226' title='bbox 1144 3287 1247 3359; x_wconf 89' lang='lat' dir='ltr'>libris</span> <span class='ocrx_word' id='word_1_227' title='bbox 1262 3287 1414 3385; x_wconf 89' lang='lat' dir='ltr'>adsequi</span> <span class='ocrx_word' id='word_1_228' title='bbox 1434 3286 1533 3359; x_wconf 87' lang='lat' dir='ltr'>licet.</span> <span class='ocrx_word' id='word_1_229' title='bbox 1550 3287 1586 3359; x_wconf 90' lang='lat' dir='ltr'><strong>A</strong></span> <span class='ocrx_word' id='word_1_230' title='bbox 1604 3285 1716 3358; x_wconf 90' lang='lat' dir='ltr'>variis</span> 
     </span>
     <span class='ocr_line' id='line_1_22' title="bbox 116 3418 1716 3514; baseline -0.001 -23"><span class='ocrx_word' id='word_1_231' title='bbox 116 3419 211 3492; x_wconf 89' lang='lat' dir='ltr'>cibis</span> <span class='ocrx_word' id='word_1_232' title='bbox 230 3418 463 3492; x_wconf 88' lang='lat' dir='ltr'>abstinebant</span> <span class='ocrx_word' id='word_1_233' title='bbox 483 3422 704 3511; x_wconf 90' lang='lat' dir='ltr'>(Demonstr.</span> <span class='ocrx_word' id='word_1_234' title='bbox 723 3447 772 3506; x_wconf 82' lang='lat' dir='ltr'>v1,</span> <span class='ocrx_word' id='word_1_235' title='bbox 789 3420 811 3490; x_wconf 72' lang='lat'><strong>2</strong></span> <span class='ocrx_word' id='word_1_236' title='bbox 830 3432 865 3492; x_wconf 85' lang='lat' dir='ltr'>et</span> <span class='ocrx_word' id='word_1_237' title='bbox 880 3421 933 3514; x_wconf 89' lang='lat'>8);</span> <span class='ocrx_word' id='word_1_238' title='bbox 952 3420 1087 3493; x_wconf 88' lang='lat' dir='ltr'>ieiunio</span> <span class='ocrx_word' id='word_1_239' title='bbox 1104 3432 1139 3493; x_wconf 85' lang='lat' dir='ltr'>et</span> <span class='ocrx_word' id='word_1_240' title='bbox 1159 3419 1317 3493; x_wconf 89' lang='lat' dir='ltr'>orationi</span> <span class='ocrx_word' id='word_1_241' title='bbox 1331 3419 1437 3492; x_wconf 88' lang='lat' dir='ltr'>valde</span> <span class='ocrx_word' id='word_1_242' title='bbox 1457 3431 1561 3492; x_wconf 93' lang='lat' dir='ltr'>erant</span> <span class='ocrx_word' id='word_1_243' title='bbox 1580 3418 1716 3492; x_wconf 90' lang='lat' dir='ltr'>addicti</span> 
     </span>
     <span class='ocr_line' id='line_1_23' title="bbox 115 3551 1713 3652; baseline 0.001 -29"><span class='ocrx_word' id='word_1_244' title='bbox 115 3556 244 3648; x_wconf 77' lang='lat' dir='ltr'>(ibid),</span> <span class='ocrx_word' id='word_1_245' title='bbox 262 3551 638 3652; x_wconf 71' lang='lat' dir='ltr'>vigiliisfflemonsn.</span> <span class='ocrx_word' id='word_1_246' title='bbox 656 3554 764 3649; x_wconf 72' lang='lat' dir='ltr'>v1,2;</span> <span class='ocrx_word' id='word_1_247' title='bbox 783 3580 848 3639; x_wconf 91' lang='lat' dir='ltr'>vn,</span> <span class='ocrx_word' id='word_1_248' title='bbox 871 3553 944 3646; x_wconf 72' lang='lat'>21),</span> <span class='ocrx_word' id='word_1_249' title='bbox 963 3552 1123 3639; x_wconf 90' lang='lat' dir='ltr'>lectioni,</span> <span class='ocrx_word' id='word_1_250' title='bbox 1142 3552 1321 3626; x_wconf 91' lang='lat' dir='ltr'>auditioni</span> <span class='ocrx_word' id='word_1_251' title='bbox 1341 3556 1563 3646; x_wconf 87' lang='lat' dir='ltr'>(Demonstr.</span> <span class='ocrx_word' id='word_1_252' title='bbox 1581 3579 1631 3637; x_wconf 85' lang='lat' dir='ltr'>vr,</span> <span class='ocrx_word' id='word_1_253' title='bbox 1653 3554 1713 3638; x_wconf 78' lang='lat'>19,</span> 
     </span>
     <span class='ocr_line' id='line_1_24' title="bbox 117 3684 1718 3784; baseline -0.001 -26"><span class='ocrx_word' id='word_1_254' title='bbox 117 3713 159 3774; x_wconf 87' lang='lat' dir='ltr'>x,</span> <span class='ocrx_word' id='word_1_255' title='bbox 182 3687 383 3781; x_wconf 72' lang='lat' dir='ltr'>9;x11,-12)</span> <span class='ocrx_word' id='word_1_256' title='bbox 403 3686 621 3784; x_wconf 85' lang='lat' dir='ltr'>silentioque</span> <span class='ocrx_word' id='word_1_257' title='bbox 641 3689 863 3778; x_wconf 87' lang='lat' dir='ltr'>(Demonstr.</span> <span class='ocrx_word' id='word_1_258' title='bbox 881 3713 936 3773; x_wconf 78' lang='lat' dir='ltr'>rr,</span> <span class='ocrx_word' id='word_1_259' title='bbox 958 3688 988 3778; x_wconf 89' lang='lat' dir='ltr'>l)</span> <span class='ocrx_word' id='word_1_260' title='bbox 1010 3686 1154 3762; x_wconf 88' lang='lat' dir='ltr'>intenti.</span> <span class='ocrx_word' id='word_1_261' title='bbox 1175 3685 1349 3784; x_wconf 91' lang='lat' dir='ltr'>Corporis</span> <span class='ocrx_word' id='word_1_262' title='bbox 1373 3684 1529 3771; x_wconf 90' lang='lat' dir='ltr'>cultum,</span> <span class='ocrx_word' id='word_1_263' title='bbox 1546 3684 1644 3768; x_wconf 87' lang='lat' dir='ltr'>vela,</span> <span class='ocrx_word' id='word_1_264' title='bbox 1663 3711 1718 3758; x_wconf 93' lang='lat' dir='ltr'>or·</span> 
     </span>
     <span class='ocr_line' id='line_1_25' title="bbox 117 3817 1713 3919; baseline -0.003 -27"><span class='ocrx_word' id='word_1_265' title='bbox 117 3833 290 3893; x_wconf 87' lang='lat' dir='ltr'>namenta</span> <span class='ocrx_word' id='word_1_266' title='bbox 314 3819 515 3892; x_wconf 89' lang='lat' dir='ltr'>saecularia</span> <span class='ocrx_word' id='word_1_267' title='bbox 534 3818 754 3892; x_wconf 91' lang='lat' dir='ltr'>abdicabant</span> <span class='ocrx_word' id='word_1_268' title='bbox 773 3822 869 3913; x_wconf 79' lang='lat' dir='ltr'>(ibid.</span> <span class='ocrx_word' id='word_1_269' title='bbox 887 3821 940 3914; x_wconf 90' lang='lat'>8);</span> <span class='ocrx_word' id='word_1_270' title='bbox 964 3844 1023 3891; x_wconf 91' lang='lat' dir='ltr'>res</span> <span class='ocrx_word' id='word_1_271' title='bbox 1043 3844 1129 3891; x_wconf 92' lang='lat' dir='ltr'>suas</span> <span class='ocrx_word' id='word_1_272' title='bbox 1149 3817 1372 3917; x_wconf 90' lang='lat' dir='ltr'>pauperibus</span> <span class='ocrx_word' id='word_1_273' title='bbox 1392 3817 1597 3919; x_wconf 84' lang='lat' dir='ltr'>erogabant</span> <span class='ocrx_word' id='word_1_274' title='bbox 1617 3820 1713 3910; x_wconf 79' lang='lat' dir='ltr'>(ibid.</span> 
     </span>
    </p>
   </div>
   <div class='ocr_carea' id='block_1_10' title="bbox 1 3950 1715 4051">
    <p class='ocr_par' dir='ltr' id='par_1_11' title="bbox 1 3950 1715 4051">
     <span class='ocr_line' id='line_1_26' title="bbox 1 3950 1715 4051; baseline 0.001 -29"><span class='ocrx_word' id='word_1_275' title='bbox 1 4007 2 4042; x_wconf 79' lang='lat'>,</span> <span class='ocrx_word' id='word_1_276' title='bbox 118 3953 142 4022; x_wconf 73' lang='lat'><strong>2</strong></span> <span class='ocrx_word' id='word_1_277' title='bbox 167 3966 204 4025; x_wconf 90' lang='lat' dir='ltr'>et</span> <span class='ocrx_word' id='word_1_278' title='bbox 228 3954 282 4048; x_wconf 82' lang='lat'>8);</span> <span class='ocrx_word' id='word_1_279' title='bbox 300 3978 424 4025; x_wconf 89' lang='lat' dir='ltr'>curam</span> <span class='ocrx_word' id='word_1_280' title='bbox 447 3952 680 4051; x_wconf 83' lang='lat' dir='ltr'>negotiorum</span> <span class='ocrx_word' id='word_1_281' title='bbox 707 3952 867 4024; x_wconf 88' lang='lat' dir='ltr'>civilium</span> <span class='ocrx_word' id='word_1_282' title='bbox 893 3977 1044 4051; x_wconf 87' lang='lat' dir='ltr'>prorsus</span> <span class='ocrx_word' id='word_1_283' title='bbox 1068 3951 1351 4025; x_wconf 89' lang='lat' dir='ltr'>contemnebant</span> <span class='ocrx_word' id='word_1_284' title='bbox 1375 3954 1470 4044; x_wconf 82' lang='lat' dir='ltr'>(ibid.</span> <span class='ocrx_word' id='word_1_285' title='bbox 1497 3951 1546 4045; x_wconf 87' lang='lat' dir='ltr'>l);</span> <span class='ocrx_word' id='word_1_286' title='bbox 1569 3950 1715 4049; x_wconf 87' lang='lat' dir='ltr'>nuptias</span> 
     </span>
    </p>
   </div>
   <div class='ocr_carea' id='block_1_11' title="bbox 118 4084 1715 4184">
    <p class='ocr_par' dir='ltr' id='par_1_12' title="bbox 118 4084 1715 4184">
     <span class='ocr_line' id='line_1_27' title="bbox 118 4084 1715 4184; baseline 0.001 -28"><span class='ocrx_word' id='word_1_287' title='bbox 118 4084 313 4157; x_wconf 89' lang='lat' dir='ltr'>eiurabant</span> <span class='ocrx_word' id='word_1_288' title='bbox 345 4088 441 4178; x_wconf 83' lang='lat' dir='ltr'>(ibid.</span> <span class='ocrx_word' id='word_1_289' title='bbox 468 4087 517 4179; x_wconf 83' lang='grc'>4),</span> <span class='ocrx_word' id='word_1_290' title='bbox 544 4084 804 4159; x_wconf 89' lang='lat' dir='ltr'>Sacerdotibus</span> <span class='ocrx_word' id='word_1_291' title='bbox 833 4086 1034 4184; x_wconf 83' lang='lat' dir='ltr'>iunguntur</span> <span class='ocrx_word' id='word_1_292' title='bbox 1058 4088 1280 4178; x_wconf 90' lang='lat' dir='ltr'>(Demonstr.</span> <span class='ocrx_word' id='word_1_293' title='bbox 1303 4111 1367 4170; x_wconf 87' lang='lat' dir='ltr'>xx,</span> <span class='ocrx_word' id='word_1_294' title='bbox 1396 4085 1465 4179; x_wconf 83' lang='grc'>14).</span> <span class='ocrx_word' id='word_1_295' title='bbox 1491 4084 1715 4157; x_wconf 90' lang='lat' dir='ltr'>Monasticae</span> 
     </span>
    </p>
   </div>
   <div class='ocr_carea' id='block_1_12' title="bbox 1 4217 1430 4316">
    <p class='ocr_par' dir='ltr' id='par_1_13' title="bbox 1 4217 1430 4316">
     <span class='ocr_line' id='line_1_28' title="bbox 1 4217 1430 4316; baseline -0.001 -26"><span class='ocrx_word' id='word_1_296' title='bbox 1 4227 2 4258; x_wconf 63' lang='lat'>¹</span> <span class='ocrx_word' id='word_1_297' title='bbox 118 4217 272 4291; x_wconf 90' lang='lat' dir='ltr'>militiae</span> <span class='ocrx_word' id='word_1_298' title='bbox 291 4218 363 4291; x_wconf 93' lang='lat' dir='ltr'>iam</span> <span class='ocrx_word' id='word_1_299' title='bbox 383 4231 467 4291; x_wconf 90' lang='lat' dir='ltr'>ante</span> <span class='ocrx_word' id='word_1_300' title='bbox 487 4217 708 4316; x_wconf 87' lang='lat' dir='ltr'>baptismum</span> <span class='ocrx_word' id='word_1_301' title='bbox 727 4243 860 4291; x_wconf 87' lang='lat' dir='ltr'>nomen</span> <span class='ocrx_word' id='word_1_302' title='bbox 879 4217 1015 4291; x_wconf 89' lang='lat' dir='ltr'>dabant</span> <span class='ocrx_word' id='word_1_303' title='bbox 1034 4220 1256 4310; x_wconf 90' lang='lat' dir='ltr'>(Demonstr.</span> <span class='ocrx_word' id='word_1_304' title='bbox 1274 4245 1338 4305; x_wconf 82' lang='lat' dir='ltr'>vn,</span> <span class='ocrx_word' id='word_1_305' title='bbox 1357 4218 1430 4313; x_wconf 73' lang='lat'><strong>20).</strong></span> 
     </span>
    </p>
   </div>
   <div class='ocr_carea' id='block_1_13' title="bbox 194 4350 1716 4451">
    <p class='ocr_par' dir='ltr' id='par_1_14' title="bbox 194 4350 1716 4451">
     <span class='ocr_line' id='line_1_29' title="bbox 194 4350 1716 4451; baseline -0.001 -27"><span class='ocrx_word' id='word_1_306' title='bbox 194 4351 385 4451; x_wconf 83' lang='lat' dir='ltr'>Virgines,</span> <span class='ocrx_word' id='word_1_307' title='bbox 398 4350 583 4450; x_wconf 83' lang='lat' dir='ltr'>Apbraate</span> <span class='ocrx_word' id='word_1_308' title='bbox 596 4364 762 4438; x_wconf 87' lang='lat' dir='ltr'>auctore,</span> <span class='ocrx_word' id='word_1_309' title='bbox 779 4355 862 4424; x_wconf 94' lang='lat' dir='ltr'>lesu</span> <span class='ocrx_word' id='word_1_310' title='bbox 880 4351 1026 4425; x_wconf 89' lang='lat' dir='ltr'>Christo</span> <span class='ocrx_word' id='word_1_311' title='bbox 1042 4363 1127 4423; x_wconf 90' lang='lat' dir='ltr'>sunt</span> <span class='ocrx_word' id='word_1_312' title='bbox 1142 4351 1386 4449; x_wconf 87' lang='lat' dir='ltr'>desponsatae</span> <span class='ocrx_word' id='word_1_313' title='bbox 1401 4352 1716 4449; x_wconf 76' lang='lat' dir='ltr'>(Demonstr.v1‚6</span> 
     </span>
    </p>
   </div>
   <div class='ocr_carea' id='block_1_14' title="bbox 1 4484 1716 4583">
    <p class='ocr_par' dir='ltr' id='par_1_15' title="bbox 1 4484 1716 4583">
     <span class='ocr_line' id='line_1_30' title="bbox 1 4484 1716 4583; baseline 0 -26"><span class='ocrx_word' id='word_1_314' title='bbox 1 4563 2 4574; x_wconf 43' lang='lat'>,</span> <span class='ocrx_word' id='word_1_315' title='bbox 118 4497 156 4557; x_wconf 90' lang='lat' dir='ltr'>et</span> <span class='ocrx_word' id='word_1_316' title='bbox 172 4485 218 4580; x_wconf 89' lang='grc'>7).</span> <span class='ocrx_word' id='word_1_317' title='bbox 244 4484 508 4583; x_wconf 83' lang='lat' dir='ltr'>Episcoporum</span> <span class='ocrx_word' id='word_1_318' title='bbox 529 4510 662 4557; x_wconf 89' lang='lat' dir='ltr'>munus</span> <span class='ocrx_word' id='word_1_319' title='bbox 686 4497 743 4558; x_wconf 90' lang='lat' dir='ltr'>est</span> <span class='ocrx_word' id='word_1_320' title='bbox 764 4511 826 4558; x_wconf 92' lang='lat' dir='ltr'>eas</span> <span class='ocrx_word' id='word_1_321' title='bbox 844 4485 999 4558; x_wconf 92' lang='lat' dir='ltr'>educare</span> <span class='ocrx_word' id='word_1_322' title='bbox 1020 4496 1056 4557; x_wconf 92' lang='lat' dir='ltr'>et</span> <span class='ocrx_word' id='word_1_323' title='bbox 1076 4484 1272 4558; x_wconf 88' lang='lat' dir='ltr'>informare</span> <span class='ocrx_word' id='word_1_324' title='bbox 1292 4487 1514 4578; x_wconf 89' lang='lat' dir='ltr'>(Demonstr.</span> <span class='ocrx_word' id='word_1_325' title='bbox 1532 4512 1572 4571; x_wconf 85' lang='lat' dir='ltr'>x,</span> <span class='ocrx_word' id='word_1_326' title='bbox 1591 4486 1639 4579; x_wconf 88' lang='grc'>6).</span> <span class='ocrx_word' id='word_1_327' title='bbox 1662 4487 1716 4557; x_wconf 92' lang='lat' dir='ltr'>De</span> 
     </span>
    </p>
   </div>
   <div class='ocr_carea' id='block_1_15' title="bbox 117 4616 1717 4717">
    <p class='ocr_par' dir='ltr' id='par_1_16' title="bbox 117 4616 1717 4717">
     <span class='ocr_line' id='line_1_31' title="bbox 117 4616 1717 4717; baseline 0.001 -29"><span class='ocrx_word' id='word_1_328' title='bbox 117 4616 234 4690; x_wconf 76' lang='lat' dir='ltr'>vetito</span> <span class='ocrx_word' id='word_1_329' title='bbox 264 4616 309 4690; x_wconf 91' lang='lat' dir='ltr'>ah</span> <span class='ocrx_word' id='word_1_330' title='bbox 336 4618 522 4716; x_wconf 80' lang='lat' dir='ltr'>Aphraate</span> <span class='ocrx_word' id='word_1_331' title='bbox 550 4617 772 4691; x_wconf 89' lang='lat' dir='ltr'>monialibus</span> <span class='ocrx_word' id='word_1_332' title='bbox 799 4618 1058 4691; x_wconf 88' lang='lat' dir='ltr'>monachorum</span> <span class='ocrx_word' id='word_1_333' title='bbox 1084 4617 1323 4692; x_wconf 91' lang='lat' dir='ltr'>contubernio</span> <span class='ocrx_word' id='word_1_334' title='bbox 1352 4618 1520 4717; x_wconf 90' lang='lat' dir='ltr'>superius</span> <span class='ocrx_word' id='word_1_335' title='bbox 1548 4617 1619 4689; x_wconf 89' lang='lat' dir='ltr'>iam</span> <span class='ocrx_word' id='word_1_336' title='bbox 1643 4616 1717 4690; x_wconf 85' lang='lat' dir='ltr'>dixi</span> 
     </span>
    </p>
   </div>
   <div class='ocr_carea' id='block_1_16' title="bbox 118 4753 325 4849">
    <p class='ocr_par' dir='ltr' id='par_1_17' title="bbox 118 4753 325 4849">
     <span class='ocr_line' id='line_1_32' title="bbox 118 4753 325 4849; baseline 0.01 -27"><span class='ocrx_word' id='word_1_337' title='bbox 118 4754 169 4849; x_wconf 90' lang='lat' dir='ltr'>(p.</span> <span class='ocrx_word' id='word_1_338' title='bbox 192 4753 325 4846; x_wconf 80' lang='lat' dir='ltr'>xxiv)².</span> 
     </span>
    </p>
   </div>
   <div class='ocr_carea' id='block_1_17' title="bbox 119 4961 1717 5327">
    <p class='ocr_par' dir='ltr' id='par_1_18' title="bbox 119 4961 1717 5327">
     <span class='ocr_line' id='line_1_33' title="bbox 195 4961 1716 5063; baseline 0.001 -29"><span class='ocrx_word' id='word_1_339' title='bbox 195 4963 254 5035; x_wconf 72' lang='lat'>21.</span> <span class='ocrx_word' id='word_1_340' title='bbox 279 4966 332 5035; x_wconf 85' lang='lat' dir='ltr'>Ex</span> <span class='ocrx_word' id='word_1_341' title='bbox 357 4963 458 5036; x_wconf 89' lang='lat' dir='ltr'>bisce</span> <span class='ocrx_word' id='word_1_342' title='bbox 481 4963 594 5036; x_wconf 86' lang='lat' dir='ltr'>variis</span> <span class='ocrx_word' id='word_1_343' title='bbox 615 4963 803 5037; x_wconf 89' lang='lat' dir='ltr'>doctrinae</span> <span class='ocrx_word' id='word_1_344' title='bbox 824 4962 992 5063; x_wconf 89' lang='lat' dir='ltr'>capitulis</span> <span class='ocrx_word' id='word_1_345' title='bbox 1013 4964 1142 5037; x_wconf 88' lang='lat' dir='ltr'>merito</span> <span class='ocrx_word' id='word_1_346' title='bbox 1169 4962 1349 5036; x_wconf 87' lang='lat' dir='ltr'>iudicatur</span> <span class='ocrx_word' id='word_1_347' title='bbox 1369 4963 1574 5061; x_wconf 82' lang='lat' dir='ltr'>Apbraates</span> <span class='ocrx_word' id='word_1_348' title='bbox 1599 4961 1716 5036; x_wconf 89' lang='lat' dir='ltr'>eccle-</span> 
     </span>
     <span class='ocr_line' id='line_1_34' title="bbox 119 5094 1716 5195; baseline -0.001 -25"><span class='ocrx_word' id='word_1_349' title='bbox 119 5096 281 5170; x_wconf 89' lang='lat' dir='ltr'>siasticis</span> <span class='ocrx_word' id='word_1_350' title='bbox 308 5095 539 5194; x_wconf 89' lang='lat' dir='ltr'>potissimum</span> <span class='ocrx_word' id='word_1_351' title='bbox 568 5096 773 5195; x_wconf 89' lang='lat' dir='ltr'>disciplinis</span> <span class='ocrx_word' id='word_1_352' title='bbox 797 5097 1022 5170; x_wconf 88' lang='lat' dir='ltr'>instruendis</span> <span class='ocrx_word' id='word_1_353' title='bbox 1047 5097 1240 5195; x_wconf 87' lang='lat' dir='ltr'>prodesse,</span> <span class='ocrx_word' id='word_1_354' title='bbox 1267 5109 1303 5168; x_wconf 90' lang='lat' dir='ltr'>et</span> <span class='ocrx_word' id='word_1_355' title='bbox 1326 5095 1510 5168; x_wconf 88' lang='lat' dir='ltr'>hominem</span> <span class='ocrx_word' id='word_1_356' title='bbox 1534 5094 1716 5169; x_wconf 88' lang='lat' dir='ltr'>oblivione</span> 
     </span>
     <span class='ocr_line' id='line_1_35' title="bbox 119 5227 1717 5327; baseline -0.001 -24"><span class='ocrx_word' id='word_1_357' title='bbox 119 5230 186 5303; x_wconf 94' lang='lat' dir='ltr'>diu</span> <span class='ocrx_word' id='word_1_358' title='bbox 204 5228 438 5303; x_wconf 87' lang='lat' dir='ltr'>obscuratum</span> <span class='ocrx_word' id='word_1_359' title='bbox 454 5228 640 5303; x_wconf 82' lang='lat' dir='ltr'>Ecclesiae</span> <span class='ocrx_word' id='word_1_360' title='bbox 662 5230 806 5302; x_wconf 87' lang='lat' dir='ltr'>restitui</span> <span class='ocrx_word' id='word_1_361' title='bbox 821 5229 971 5317; x_wconf 89' lang='lat' dir='ltr'>debere,</span> <span class='ocrx_word' id='word_1_362' title='bbox 990 5231 1094 5302; x_wconf 90' lang='lat' dir='ltr'>cuins</span> <span class='ocrx_word' id='word_1_363' title='bbox 1113 5229 1188 5302; x_wconf 88' lang='lat' dir='ltr'>vita</span> <span class='ocrx_word' id='word_1_364' title='bbox 1207 5229 1293 5302; x_wconf 89' lang='lat' dir='ltr'>licet</span> <span class='ocrx_word' id='word_1_365' title='bbox 1308 5228 1426 5301; x_wconf 87' lang='lat' dir='ltr'>adhuc</span> <span class='ocrx_word' id='word_1_366' title='bbox 1446 5255 1467 5300; x_wconf 89' lang='lat' dir='ltr'>a</span> <span class='ocrx_word' id='word_1_367' title='bbox 1486 5227 1592 5301; x_wconf 87' lang='lat' dir='ltr'>nobis</span> <span class='ocrx_word' id='word_1_368' title='bbox 1608 5229 1717 5327; x_wconf 83' lang='lat' dir='ltr'>igno-</span> 
     </span>
    </p>
   </div>
   <div class='ocr_carea' id='block_1_18' title="bbox 117 5423 1720 5722">
    <p class='ocr_par' dir='ltr' id='par_1_19' title="bbox 117 5423 1720 5722">
     <span class='ocr_line' id='line_1_36' title="bbox 183 5423 1546 5509; baseline 0 -23"><span class='ocrx_word' id='word_1_369' title='bbox 183 5425 192 5460; x_wconf 84' lang='lat'><strong>⁴</strong></span> <span class='ocrx_word' id='word_1_370' title='bbox 209 5423 384 5497; x_wconf 82' lang='lat' dir='ltr'>Autonelli,</span> <span class='ocrx_word' id='word_1_371' title='bbox 402 5424 519 5487; x_wconf 79' lang='lat' dir='ltr'>Sancti</span> <span class='ocrx_word' id='word_1_372' title='bbox 529 5424 644 5487; x_wconf 79' lang='lat' dir='ltr'>Patria</span> <span class='ocrx_word' id='word_1_373' title='bbox 658 5428 765 5488; x_wconf 76' lang='lat' dir='ltr'>nostri</span> <span class='ocrx_word' id='word_1_374' title='bbox 776 5425 891 5488; x_wconf 83' lang='lat' dir='ltr'>Iacobi</span> <span class='ocrx_word' id='word_1_375' title='bbox 902 5427 1048 5509; x_wconf 77' lang='lat' dir='ltr'>episcopi</span> <span class='ocrx_word' id='word_1_376' title='bbox 1059 5424 1211 5490; x_wconf 81' lang='lat' dir='ltr'>Nisibeni</span> <span class='ocrx_word' id='word_1_377' title='bbox 1222 5423 1409 5502; x_wconf 78' lang='lat' dir='ltr'>Sermones,</span> <span class='ocrx_word' id='word_1_378' title='bbox 1428 5445 1459 5506; x_wconf 91' lang='lat' dir='ltr'>p.</span> <span class='ocrx_word' id='word_1_379' title='bbox 1477 5426 1546 5486; x_wconf 86' lang='lat'><strong>203.</strong></span> 
     </span>
     <span class='ocr_line' id='line_1_37' title="bbox 182 5528 1717 5612; baseline -0.001 -19"><span class='ocrx_word' id='word_1_380' title='bbox 182 5529 260 5593; x_wconf 77' lang='lat' dir='ltr'>&#39;Cl</span> <span class='ocrx_word' id='word_1_381' title='bbox 277 5530 442 5594; x_wconf 87' lang='lat' dir='ltr'>Rabbulae</span> <span class='ocrx_word' id='word_1_382' title='bbox 459 5529 624 5610; x_wconf 82' lang='lat' dir='ltr'>Canoneo,</span> <span class='ocrx_word' id='word_1_383' title='bbox 641 5530 770 5594; x_wconf 83' lang='lat' dir='ltr'>Monito</span> <span class='ocrx_word' id='word_1_384' title='bbox 788 5532 835 5595; x_wconf 85' lang='lat' dir='ltr'>ad</span> <span class='ocrx_word' id='word_1_385' title='bbox 852 5531 1052 5610; x_wconf 77' lang='lat' dir='ltr'>coenobitae,</span> <span class='ocrx_word' id='word_1_386' title='bbox 1069 5531 1255 5612; x_wconf 81' lang='lat' dir='ltr'>Praecepta</span> <span class='ocrx_word' id='word_1_387' title='bbox 1274 5543 1304 5593; x_wconf 82' lang='lat' dir='ltr'>et</span> <span class='ocrx_word' id='word_1_388' title='bbox 1322 5533 1448 5593; x_wconf 83' lang='lat' dir='ltr'>monito</span> <span class='ocrx_word' id='word_1_389' title='bbox 1466 5529 1513 5591; x_wconf 84' lang='lat' dir='ltr'>nd</span> <span class='ocrx_word' id='word_1_390' title='bbox 1530 5528 1717 5592; x_wconf 79' lang='lat' dir='ltr'>sacerdotes</span> 
     </span>
     <span class='ocr_line' id='line_1_38' title="bbox 117 5635 1720 5722; baseline -0.001 -22"><span class='ocrx_word' id='word_1_391' title='bbox 117 5650 151 5700; x_wconf 83' lang='lat' dir='ltr'>et</span> <span class='ocrx_word' id='word_1_392' title='bbox 166 5638 353 5721; x_wconf 76' lang='lat' dir='ltr'>regulares,</span> <span class='ocrx_word' id='word_1_393' title='bbox 371 5636 456 5720; x_wconf 90' lang='lat' dir='ltr'>apud</span> <span class='ocrx_word' id='word_1_394' title='bbox 472 5635 496 5699; x_wconf 91' lang='lat' dir='ltr'>l.</span> <span class='ocrx_word' id='word_1_395' title='bbox 514 5637 694 5713; x_wconf 87' lang='lat' dir='ltr'>Orerbeck,</span> <span class='ocrx_word' id='word_1_396' title='bbox 713 5638 745 5701; x_wconf 89' lang='lat' dir='ltr'>S.</span> <span class='ocrx_word' id='word_1_397' title='bbox 763 5639 947 5722; x_wconf 80' lang='lat' dir='ltr'>prrnemi</span> <span class='ocrx_word' id='word_1_398' title='bbox 959 5638 1051 5719; x_wconf 72' lang='lat' dir='ltr'>Syri,</span> <span class='ocrx_word' id='word_1_399' title='bbox 1068 5637 1240 5701; x_wconf 82' lang='lat' dir='ltr'>Babbnlce</span> <span class='ocrx_word' id='word_1_400' title='bbox 1255 5639 1400 5721; x_wconf 81' lang='lat' dir='ltr'>episcopi</span> <span class='ocrx_word' id='word_1_401' title='bbox 1409 5636 1579 5716; x_wconf 66' lang='lat' dir='ltr'>Edessena}</span> <span class='ocrx_word' id='word_1_402' title='bbox 1597 5636 1720 5700; x_wconf 81' lang='lat' dir='ltr'>Baloei</span> 
     </span>
    </p>
   </div>
   <div class='ocr_carea' id='block_1_19' title="bbox 115 5744 1090 5896">
    <p class='ocr_par' dir='ltr' id='par_1_20' title="bbox 115 5744 1090 5896">
     <span class='ocr_line' id='line_1_39' title="bbox 115 5744 1090 5829; baseline -0.001 -23"><span class='ocrx_word' id='word_1_403' title='bbox 115 5744 327 5826; x_wconf 81' lang='lat' dir='ltr'>aliorumque</span> <span class='ocrx_word' id='word_1_404' title='bbox 342 5764 444 5826; x_wconf 83' lang='lat' dir='ltr'>opera</span> <span class='ocrx_word' id='word_1_405' title='bbox 458 5745 593 5823; x_wconf 79' lang='lat' dir='ltr'>selecta,</span> <span class='ocrx_word' id='word_1_406' title='bbox 613 5744 745 5821; x_wconf 85' lang='lat' dir='ltr'>Oxonii,</span> <span class='ocrx_word' id='word_1_407' title='bbox 765 5750 857 5822; x_wconf 82' lang='lat'>1865,</span> <span class='ocrx_word' id='word_1_408' title='bbox 874 5767 927 5829; x_wconf 92' lang='lat' dir='ltr'>pp.</span> <span class='ocrx_word' id='word_1_409' title='bbox 945 5747 1090 5807; x_wconf 84' lang='lat'><strong>210-221.</strong></span> 
     </span>
     <span class='ocr_line' id='line_1_40' title="bbox 229 5859 527 5896; baseline 0.01 -5"><span class='ocrx_word' id='word_1_410' title='bbox 229 5859 293 5893; x_wconf 73' lang='lat' dir='ltr'>mn.</span> <span class='ocrx_word' id='word_1_411' title='bbox 307 5860 360 5896; x_wconf 76' lang='lat' dir='ltr'>stu.</span> <span class='ocrx_word' id='word_1_412' title='bbox 374 5873 401 5883; x_wconf 90' lang='lat'>··</span> <span class='ocrx_word' id='word_1_413' title='bbox 415 5861 436 5894; x_wconf 79' lang='lat' dir='ltr'>P·</span> <span class='ocrx_word' id='word_1_414' title='bbox 450 5860 464 5894; x_wconf 83' lang='grc' dir='ltr'>Ι.</span> <span class='ocrx_word' id='word_1_415' title='bbox 477 5860 498 5894; x_wconf 74' lang='grc' dir='ltr'>Τ.</span> <span class='ocrx_word' id='word_1_416' title='bbox 512 5862 527 5894; x_wconf 86' lang='lat' dir='ltr'>t.</span> 
     </span>
    </p>
   </div>
   <div class='ocr_carea' id='block_1_20' title="bbox 0 0 2064 6452">
    <p class='ocr_par' dir='ltr' id='par_1_21' title="bbox 0 0 2064 6452">
     <span class='ocr_line' id='line_1_41' title="bbox 0 0 2064 6452; baseline 0 0"><span class='ocrx_word' id='word_1_417' title='bbox 0 0 2064 6452; x_wconf 95' lang='lat' dir='ltr'> </span> 
     </span>
    </p>
   </div>
  </div>
 </body>
</html>
