4120 6456
313 509 379 550 xxx
830 483 1075 549 PRAEFATIO
1098 522 1135 532 -
1160 484 1302 549 CAPUT
1324 484 1364 547 II.

314 675 461 774 quidem
485 673 581 745 unde
603 673 704 745 novit
727 672 797 745 iste
822 672 1101 771 Hieronymum,
1121 673 1351 747 Palaestinae
1377 673 1550 759 incolam,
1575 672 1722 746 hebraei
1743 673 1851 747 simul
1879 690 1914 747 et

313 807 477 880 chaldaei
497 806 652 904 peritum
672 804 868 889 sermonis,
891 805 1055 905 linguam
1075 806 1272 904 syriacam,
1292 830 1356 905 per
1375 832 1418 880 ea
1435 806 1516 878 loca
1536 805 1573 878 in
1593 805 1728 906 quibus
1742 808 1913 880 versaba-

312 954 372 1012 tur
396 964 640 1023 communem,
664 939 879 1039 ignorasse?
898 964 980 1010 cum
1004 938 1081 1037 ipse
1105 939 1288 1011 contrario
1315 951 1471 1011 testetur
1497 939 1625 1012 eodem
1651 952 1815 1037 tempore
1842 966 1914 1038 quo

314 1072 522 1171 catalogum
540 1071 700 1144 virorum
722 1071 918 1144 illustrium
937 1072 1192 1146 conscribebat
1212 1078 1320 1167 (anno
1335 1073 1506 1147 videlicet
1526 1074 1616 1156 392,
1635 1099 1700 1146 seu
1715 1074 1913 1147 Theodosii

315 1205 455 1278 decimo
475 1210 630 1305 quarto),
649 1204 821 1278 hebraico
841 1204 1060 1304 arabicoque
1081 1232 1248 1280 sermone
1268 1233 1411 1280 necnon
1431 1232 1517 1304 sym
1538 1233 1577 1279 se
1597 1232 1704 1279 usum
1723 1206 1857 1293 fuisse,
1875 1221 1915 1280 ut

314 1338 447 1411 librum
467 1338 531 1410 Iob
551 1364 645 1411 nova
665 1338 905 1411 translatione
927 1339 1262 1436 interpretaretur‘.

387 1474 435 1544 At
454 1497 527 1544 non
546 1498 641 1543 unus
667 1472 928 1570 hieronymus,
947 1472 1011 1543 sed
1037 1497 1103 1544 nee
1128 1472 1298 1559 Photius,
1317 1472 1379 1571 qui
1396 1496 1616 1572 graecemm
1635 1497 1677 1544 ac
1697 1472 1912 1557 latinorum,

314 1606 425 1677 immo
451 1604 609 1702 plurium
632 1604 864 1677 orientalium
887 1603 1024 1702 scripta
1048 1605 1190 1678 curiose
1210 1606 1413 1691 recensuit,
1432 1630 1499 1678 nec
1518 1605 1789 1691 Theodoretus,
1808 1606 1915 1679 aliive

316 1764 436 1812 rerum
467 1738 798 1812 ecclesiasticarum
827 1738 863 1809 in
888 1738 1038 1811 Oriente
1065 1738 1351 1836 conscriptores,
1375 1738 1436 1844 qui
1464 1737 1586 1811 lacobi
1615 1737 1779 1811 Nisibeni
1802 1738 1915 1812 vitam

315 1885 526 1957 narrarunt;
545 1896 611 1943 nee
635 1871 782 1943 tandem
808 1873 999 1969 Syrorum,
1017 1872 1277 1957 Armenorum,
1295 1875 1510 1969 Coptarum,
1533 1874 1823 1946 Graecorumve²
1843 1898 1916 1944 me-

316 2004 483 2106 nologia,
503 2030 619 2103 neque
638 2005 736 2077 ullus
751 2018 933 2089 veterum,
951 2003 1037 2076 dum
1054 2004 1099 2076 de
1115 2017 1242 2078 sancto
1256 2004 1387 2079 Iacobo
1408 2031 1613 2078 sermonem
1633 2004 1851 2091 habuerunt,
1870 2007 1916 2078 de

315 2140 432 2240 ipsius
452 2139 598 2237 scriptis
614 2138 811 2237 quidquam
831 2138 1045 2210 retulerunt.
1063 2137 1160 2209 Nihil
1180 2138 1317 2235 pariter
1335 2138 1431 2236 apud
1452 2141 1565 2237 Syros
1584 2138 1695 2211 tradit
1712 2137 1912 2224 Ebediesu,

316 2273 354 2345 in
374 2273 522 2371 copiosa
539 2298 604 2345 sua
624 2271 845 2344 bibliotheca
859 2271 1095 2368 scriptorum,
1118 2296 1185 2342 nec
1202 2269 1356 2343 Iacobus
1377 2271 1606 2355 EdessenuS,
1625 2270 1710 2343 licet
1725 2271 1860 2343 multos
1881 2285 1917 2344 et

317 2406 378 2480 ille
405 2418 573 2478 auctores
593 2418 869 2492 commemoret3
888 2404 978 2477 nihil
1006 2405 1115 2477 ctiam
1138 2404 1319 2476 Iohannes
1346 2403 1538 2489 Darensis,
1558 2403 1757 2502 Dionysius
1783 2408 1917 2477 Barsa-

316 2536 398 2622 Iibi,
419 2563 484 2609 nec
505 2537 774 2624 Barhebraeus,
791 2564 858 2611 nec
878 2537 992 2610 ceteri
1011 2536 1225 2623 orientales,
1248 2536 1309 2634 qui
1332 2536 1377 2608 dc
1397 2535 1513 2634 ipsius
1538 2536 1655 2635 gestis
1675 2536 1914 2635 scripserunt.

317 2674 439 2768 Opera
465 2669 630 2743 Nisibeni
654 2670 826 2770 ignorant
851 2671 934 2767 Syri
961 2669 1122 2743 cuiusvis
1147 2682 1286 2756 sectae,
1311 2695 1428 2767 neque
1452 2668 1527 2741 ulla
1551 2695 1677 2742 eorum
1696 2669 1916 2767 exemplaria

315 2802 637 2890 circuml'eruntur3
657 2802 828 2903 ignorant
847 2816 883 2876 et
903 2803 1061 2890 Arabes,
1081 2802 1177 2901 apud
1197 2828 1289 2901 quos
1308 2802 1422 2875 multa
1442 2805 1590 2875 Patrum
1609 2828 1720 2900 opera
1738 2803 1916 2876 translata

316 2936 563 3034 reperiuntur;
582 2961 697 3034 caque
717 2962 828 3008 causa
847 2936 916 3008 fuit
936 2962 1000 3008 cur
1019 2935 1158 3008 nullum
1183 2936 1427 3035 Hieronymus
1448 2935 1580 3010 Iacobo
1601 2935 1775 3008 Nisibeno
1795 2936 1915 3008 Iocum

315 3068 411 3140 inter
430 3069 626 3165 scriptores
646 3069 916 3142 ecclesiasticos
940 3068 1126 3152 tribuerit,
1145 3068 1230 3141 lieet
1254 3068 1332 3141 eius
1352 3068 1463 3140 vitam
1484 3069 1520 3139 in
1540 3068 1722 3142 Chronico
1742 3068 1916 3142 laudave-

316 3199 379 3284 rit,
398 3201 495 3299 quod
516 3201 601 3287 iste,
624 3215 663 3275 ut
689 3202 771 3300 Syri
795 3203 1028 3289 adseverant,
1047 3200 1137 3273 nihil
1164 3200 1327 3299 scripsit,
1346 3201 1508 3300 exceptis
1526 3201 1651 3274 forsan
1675 3201 1807 3274 litteris
1826 3228 1917 3274 con-

316 3334 517 3415 solatoriis,
535 3334 667 3407 dubiae
694 3348 815 3408 tamon
843 3335 1089 3420 auctoritatis,
1111 3334 1158 3406 ad
1185 3337 1337 3432 Papam,
1360 3333 1572 3432 episcopum
1599 3334 1913 3421 Seleuciensem²;

316 3467 460 3540 seclusa
480 3468 588 3540 etiarn
609 3469 732 3568 graeci
753 3469 1012 3566 conscriptoris
1031 3467 1239 3540 adsertione
1260 3466 1297 3538 in
1318 3467 1498 3552 Menaeis,
1517 3467 1562 3539 de
1582 3493 1654 3565 qua
1674 3493 1796 3565 supra.

389 3601 545 3674 Videtur
559 3615 680 3674 autem
697 3602 908 3675 Gennadius
927 3602 1017 3674 haec
1039 3601 1175 3700 scripta
1197 3601 1387 3672 «necdum
1408 3600 1445 3672 in
1464 3600 1573 3672 aliam
1589 3600 1753 3699 linguam
1771 3627 1878 3673 versa
1897 3630 1915 3669 s

316 3735 353 3806 in
380 3747 578 3834 conspectu
603 3736 811 3809 nullatenus
831 3735 1023 3820 habuisse,
1045 3760 1112 3807 nec
1137 3733 1296 3806 volvisse
1316 3760 1444 3820 manu;
1462 3760 1586 3806 eorum
1607 3745 1729 3805 autem
1748 3733 1916 3806 notitiam

316 3869 501 3940 exauditu
520 3881 679 3953 tantum,
698 3868 922 3941 internuntio
946 3868 1070 3940 forsan
1089 3867 1285 3952 Cassiano,
1303 3867 1562 3940 coenobiorum
1586 3866 1817 3939 orientalium
1837 3867 1918 3939 Ius-

316 4012 470 4083 tratorc,
495 4001 653 4098 aceepit3
681 4027 752 4073 non
773 4001 869 4072 enim
894 4026 933 4073 sc
961 4026 1004 4072 ea
1026 3998 1163 4071 vidisse
1183 3999 1363 4098 perhibet.
1383 4001 1423 4072 Id
1447 4000 1557 4073 etiam
1577 4027 1621 4072 ex
1640 4001 1719 4097 ipsa
1738 4025 1777 4071 re
1797 4000 1918 4071 mani-

317 4133 451 4205 festum
466 4134 523 4219 ht,
540 4159 624 4205 nam
652 4137 868 4206 Sermonum
893 4158 985 4232 quos
1004 4131 1218 4230 recognovit
1240 4133 1405 4205 ordinem
1426 4132 1592 4218 invertit,
1614 4132 1773 4231 plurium
1788 4132 1918 4205 titulos

317 4265 495 4362 corrupit,
523 4265 614 4338 alios
634 4264 691 4337 bis
717 4266 900 4351 recitavit,
927 4265 1019 4337 alios
1042 4289 1129 4335 vero
1157 4266 1298 4352 omisit;
1323 4267 1421 4365 quod
1445 4293 1489 4338 ex
1515 4267 1768 4339 universorum
1796 4266 1918 4340 indice

317 4398 411 4469 infra
427 4398 616 4493 referendo
632 4397 838 4497 colligetur.

379 4679 387 4717 ⁴
405 4679 577 4761 Praefatio
590 4682 623 4740 r'n
633 4679 701 4741 Iob.
715 4678 802 4742 Patr.
820 4679 889 4742 Lat.
907 4689 930 4742 t.
943 4680 1089 4756 XXVIII,
1102 4703 1129 4745 c.
1145 4686 1236 4757 1081,
1248 4680 1298 4744 De
1314 4684 1391 4743 viris
1406 4683 1525 4743 illustr.
1539 4703 1566 4744 c.
1581 4686 1652 4755 135;
1665 4680 1747 4743 Ibt'd.
1759 4689 1783 4742 t.
1795 4679 1915 4755 xxtlt,

316 4808 343 4848 c.
362 4790 430 4848 717.
449 4786 520 4849 l'id.
538 4782 623 4848 Acta
637 4785 843 4863 Sanctorum,
860 4796 880 4848 t.
899 4786 973 4849 l'III
989 4790 1195 4871 septembris,
1210 4811 1264 4872 pp.
1282 4792 1355 4864 508,
1371 4793 1439 4851 517.

375 4903 388 4939 ²
405 4902 518 4963 Graeci
533 4902 563 4962 in
577 4900 733 4976 Menaeis,
751 4903 802 4964 die
819 4907 855 4964 13
871 4903 1005 4965 ianuarii
1020 4904 1122 4968 saneti
1139 4905 1244 4967 lacobi
1260 4904 1404 4967 Nisibeni
1425 4905 1609 4966 memoriam
1627 4903 1772 4965 recolunt
1790 4903 1917 4987 prolixo

315 5018 457 5072 actorum
481 5008 683 5091 compendie,
701 5030 803 5093 neque
828 5010 871 5071 ibi
895 5009 935 5070 de
956 5010 1025 5072 eius
1046 5010 1176 5094 scriptis
1200 5010 1374 5093 quidquam
1399 5010 1528 5095 legitur.
1545 5010 1579 5073 In
1601 5009 1706 5073 officio
1727 5019 1832 5072 tamen
1852 5009 1918 5072 diei

316 5121 351 5175 :tt
369 5114 508 5177 octobris
527 5113 698 5198 peculiaris
715 5116 852 5177 occurrit
872 5116 990 5177 mentio
1007 5142 1021 5172 c
1038 5115 1112 5181 libri
1127 5115 1218 5179 valde
1235 5117 1323 5180 utilis
1338 5137 1431 5199 quem
1447 5117 1626 5200 scripserit,
1642 5115 1682 5179 ad
1699 5117 1791 5179 euius
1807 5137 1918 5177 exem-

316 5222 386 5304 plar
398 5221 618 5284 Theodoretus
633 5220 845 5297 Philotheum,
864 5242 920 5283 seu
935 5221 1124 5285 Sanctorum
1139 5224 1232 5298 vitaS,
1245 5224 1424 5307 composuit
1441 5245 1471 5298 »ς
1488 5224 1579 5305 ,Nelea
1599 5226 1668 5285 πάνυ
1684 5224 1818 5306 ὠφέλιμον
1839 5247 1917 5283 cova·

314 5327 575 5397 τάξατο·1ξεκονίζει
594 5328 622 5387 δέ
641 5351 700 5386 τινα
717 5334 770 5389 τῶν
795 5333 843 5400 τῆς
862 5328 957 5409 βίὸλου
975 5331 1075 5402 ταύτης
1092 5332 1295 5411 Θεοδωρίτος...
1317 5333 1345 5390 ἐν
1363 5335 1396 5411 τῇ
1416 5331 1527 5412 φιλοθέῳ
1547 5333 1626 5390 αὐτοῦ
1645 5330 1748 5411 ἱστορίᾳ
1764 5327 1918 5411 (Menace

318 5433 480 5511 Octobris,
498 5433 644 5507 Venetis,
663 5436 761 5513 1628).
780 5434 860 5513 Quis
876 5435 918 5496 sit
934 5434 1016 5496 liber
1032 5435 1099 5511 ille,
1118 5436 1257 5499 nondum
1273 5437 1472 5520 exploratum
1489 5436 1658 5512 habemus,
1674 5456 1777 5518 neque
1795 5456 1834 5498 ex
1849 5434 1919 5497 ullo

316 5541 377 5602 alio
393 5541 548 5623 scriptore
563 5539 667 5601 adhue
682 5549 828 5602 constare
841 5541 1011 5605 credimus,
1030 5543 1072 5604 At
1087 5543 1199 5605 sallem
1215 5543 1330 5625 viginti
1345 5552 1410 5606 tres
1426 5543 1721 5606 Demonstrationes
1736 5542 1918 5626 alphabeti-

315 5668 369 5708 eae
388 5646 439 5708 his
455 5646 581 5708 indiciis
597 5646 724 5708 minIme
739 5648 959 5731 designantur.

375 5743 558 5836 ³Lequierr,
578 5752 696 5817 Oriens
711 5755 920 5834 christianos,
938 5755 1088 5831 Parisiis,
1108 5760 1198 5831 1740,
1219 5767 1241 5819 t.
1259 5756 1302 5831 II,
1320 5778 1348 5819 c.
1368 5763 1454 5819 1107.
