4120 6456
682 494 926 561 APHRAATIS
948 492 1182 560 DOCTRINA.
1679 516 1733 555 mx

1 767 2 780 ,
131 689 300 765 Tehillim
320 713 431 787 super
450 686 630 786 psalmum
648 711 717 757 xc:
741 694 824 760 ntro
847 683 910 786 qis
936 709 964 758 n
984 692 1099 758 inurat
1123 706 1191 757 arnt
1211 679 1274 784 qis
1295 705 1352 755 sin
1373 705 1448 778 'pm
1468 689 1574 784 omps
1595 679 1642 757 hut
1667 707 1731 757 run

133 822 265 898 :bruna
286 846 355 897 utro
379 844 486 920 pur:
509 852 526 886 «
549 819 637 892 Dies
660 818 728 892 Dei
752 818 935 892 benedicti
962 831 1047 890 sunt
1070 816 1169 890 mille
1193 816 1296 902 anni,
1320 815 1414 889 sicut
1440 815 1573 887 dicitur
1602 844 1609 887 :
1637 816 1732 912 Quia

131 958 228 1030 rnille
254 956 339 1028 anni
363 955 401 1028 in
424 953 541 1027 oculis
559 953 632 1025 tuis
654 952 749 1025 sicut
767 952 846 1025 dies
864 952 1038 1025 hesterna
1060 982 1077 1016 »
1091 953 1116 1021 ¹.
1136 953 1234 1022 Haec
1253 974 1340 1022 vcro
1360 974 1381 1021 a
1399 948 1588 1048 magistris
1608 974 1652 1021 eo
1671 974 1731 1021 ar-

133 1103 307 1191 gumento
328 1089 530 1173 firmantur,
552 1087 650 1184 quod
671 1085 829 1158 mundus
852 1097 908 1158 tot
931 1083 1009 1158 dies
1033 1085 1229 1156 duraturus
1253 1081 1300 1154 sit
1323 1094 1411 1180 quot
1434 1080 1565 1154 diebus
1587 1094 1732 1154 creatus

1 1201 2 1218 .
130 1224 214 1308 luit,
233 1235 270 1296 et
282 1222 377 1295 sicut
392 1221 447 1294 sol
463 1232 593 1319 quarto
612 1219 671 1292 dic
691 1231 836 1292 creatus
849 1232 922 1304 est,
936 1217 987 1291 ita
1007 1216 1180 1290 Messinm
1195 1215 1405 1289 adfuturum
1420 1215 1458 1288 in
1472 1227 1602 1314 quarto
1618 1214 1732 1287 mille·

131 1357 268 1430 nario².

201 1489 315 1588 Atqui
341 1487 550 1561 huiusmodi
579 1485 869 1560 convenientiam
900 1485 995 1558 inter
1022 1484 1218 1558 creationis
1244 1483 1323 1557 dies
1353 1496 1389 1556 et
1415 1483 1540 1555 mundi
1566 1494 1732 1590 tempora

1 1663 2 1678 r
131 1622 276 1722 plurimi
296 1648 340 1695 ex
359 1621 519 1721 antiquis
535 1619 718 1705 Patribus
737 1618 897 1692 textibus
916 1618 1120 1717 praesertim
1136 1621 1196 1691 Ps.
1214 1643 1257 1689 xc
1276 1621 1446 1710 (ιχχχιχ),
1464 1617 1488 1687 4
1507 1628 1543 1689 et
1563 1619 1655 1688 Dan.
1676 1642 1728 1704 rx,

1 1825 2 1854 ,
131 1757 176 1827 24
192 1756 287 1842 lulti,
303 1766 575 1854 expresserunt.
595 1757 649 1827 lta
664 1752 761 1851 apud
775 1755 907 1851 Syros,
924 1765 966 1825 ut
978 1751 1235 1826 Occidentales
1251 1750 1430 1835 omittam,
1450 1750 1692 1835 Bardesanes,
1710 1775 1731 1821 a

131 1890 289 1989 Georgio
308 1890 346 1961 in
365 1888 484 1986 capite
503 1887 664 1961 secundo
684 1885 892 1985 praedictae
913 1885 1120 1983 Epistolae³
1142 1884 1365 1983 descriptus,
1384 1908 1467 1957 cum
1487 1881 1619 1955 lacobo
1638 1885 1731 1955 Doc-

1 2009 2 2014 .
130 2036 221 2108 tore,
234 2048 315 2108 scu,
326 2034 368 2095 ut
385 2022 459 2094 dixi
475 2025 523 2120 (p.
541 2026 634 2115 χιιι),
652 2019 886 2120 Sarugensi⁴3
903 2018 1038 2116 pariter
1058 2030 1206 2091 sanctus
1223 2017 1422 2115 Ephraem,
1439 2016 1478 2088 in
1494 2015 1729 2113 Expositione

1 2141 2 2156 ¹
132 2156 339 2256 Evangelii,
357 2155 404 2228 ad
419 2155 458 2227 ll.
476 2154 606 2228 Matth.
623 2180 717 2239 nvn,
739 2155 771 2239 l;
786 2180 884 2233 xxiv,
903 2152 950 2223 20
969 2153 1094 2250 (supra
1113 2177 1149 2250 p.
1171 2157 1217 2245 n),
1236 2149 1407 2248 aliique⁵.
1425 2150 1607 2248 Georgius
1621 2174 1725 2235 vcro,

131 2290 166 2361 in
181 2290 263 2362 aliis
283 2289 426 2389 rigidus
444 2287 642 2387 Aphraatis
664 2311 808 2371 censor,
829 2310 909 2359 eam
929 2284 1132 2358 doctrinam
1147 2309 1262 2382 aeque
1278 2282 1515 2356 atmoderate
1531 2281 1730 2379 reprehen-

131 2422 199 2509 dit,
217 2436 254 2496 et
274 2422 411 2497 Christi
429 2421 551 2495 verbis
571 2421 701 2494 Matth.
719 2447 817 2505 χχιχ,
836 2420 896 2506 36,
919 2432 955 2492 et
974 2419 1057 2492 Act.
1076 2445 1102 2504 1,
1121 2419 1141 2490 7
1159 2416 1293 2504 allatis,
1309 2416 1434 2490 subdit
1451 2448 1468 2482 «
1486 2441 1602 2489 annos
1622 2440 1729 2513 prae·

1 2631 2 2654 ,
129 2556 257 2629 teritos
276 2570 339 2629 aut
357 2557 500 2628 futuros
520 2555 703 2628 neminem
719 2578 801 2626 csse
817 2553 912 2626 inter
928 2553 1094 2625 homines
1111 2552 1173 2652 qui
1189 2551 1416 2652 cognoverit,
1434 2562 1497 2623 aut
1512 2561 1725 2648 cognoscat,

131 2701 193 2761 aut
211 2689 427 2788 cogniturus
448 2688 495 2762 sit
515 2720 546 2760 ».

203 2822 475 2896 Consummatis
500 2834 623 2895 autem
649 2847 714 2894 sex
741 2819 871 2894 diebus
896 2819 995 2892 mille
1022 2844 1217 2905 annorum,
1242 2817 1459 2903 Sabbatum,
1482 2841 1547 2889 seu
1574 2841 1728 2916 regnum

130 2955 279 3042 Christi,
297 2968 375 3027 erat
390 2955 688 3054 exspectandum,
707 2954 846 3027 scilicet
865 2979 947 3026 cum
968 2956 1057 3038 llex,
1075 2965 1225 3051 accepto
1245 2976 1373 3050 regno,
1397 2975 1610 3023 reversurus
1630 2962 1728 3021 esset

130 3091 459 3179 (Demonstr.v1u,
483 3088 561 3183 71),
587 3088 625 3160 in
654 3113 743 3186 quo,
770 3086 915 3160 sublato
945 3086 1156 3184 cupiditatis
1184 3083 1355 3182 imperio,
1382 3082 1469 3157 iusti
1498 3083 1729 3182 quiescerent

129 3230 215 3313 (χιχ,
238 3222 301 3307 77;
323 3249 416 3308 χχιι,
444 3221 511 3315 tn).
534 3223 582 3293 ht
602 3221 782 3293 iudaicam
801 3218 978 3318 δευτέρωσιν
999 3245 1064 3292 seu
1082 3218 1316 3291 traditionem
1340 3216 1445 3317 regni
1470 3216 1605 3289 terreni
1629 3214 1727 3287 mille

129 3381 324 3440 annorum,
347 3380 455 3454 quam
482 3356 528 3428 ad
554 3354 751 3453 pessimam
774 3354 1001 3453 voluptatum
1028 3351 1333 3453 significationem
1360 3349 1534 3423 haeretici
1561 3350 1727 3422 detorse-

129 3502 230 3575 runt,
255 3488 409 3586 Sapiens
429 3492 540 3562 Persa
560 3486 688 3559 nullibi
708 3487 900 3586 expressit.

206 3712 262 3782 l8.
286 3713 339 3782 Ne
362 3709 450 3809 quid
473 3711 511 3782 in
533 3710 709 3783 doctrinis
734 3709 917 3807 Sapientis
946 3712 1079 3782 Persae
1107 3706 1416 3807 recognoscendis
1440 3705 1649 3805 neglexisse
1671 3704 1727 3776 vi-

128 3843 227 3931 dear,
247 3843 437 3942 sequentia
462 3843 712 3917 subnectenda
736 3842 862 3916 censui
882 3843 927 3916 de
950 3866 1127 3915 annorum
1150 3840 1420 3939 computatione
1440 3851 1548 3937 prout
1570 3837 1616 3910 ab
1639 3863 1727 3911 auc-

1 4067 2 4070 *
128 3989 206 4050 tore
235 3978 273 4049 in
301 3976 466 4074 pluribus
496 3977 857 4050 Demonstrationum
889 3975 979 4048 locis
1007 3975 1187 4074 reperitur
1216 3974 1399 4060 instituta;
1422 3997 1506 4044 nam
1538 3970 1661 4071 gentis
1691 3982 1726 4044 et

126 4110 258 4183 aetatis
274 4135 362 4182 suae
378 4122 528 4183 secutus
541 4110 714 4195 indolem,
731 4108 768 4181 in
783 4108 1015 4208 exquirendis
1031 4106 1257 4206 temporibus
1273 4106 1483 4205 frequenter
1495 4105 1719 4177 immoratur.

126 4247 240 4317 Porro
260 4243 457 4341 aphraatis
483 4256 688 4341 temporum
715 4242 938 4340 computatio
964 4240 1164 4314 secundum
1191 4240 1408 4312 ludaeorum
1432 4238 1645 4312 methodum
1665 4262 1726 4310 or-

126 4376 287 4462 dinatur,
305 4388 342 4448 ct
358 4375 403 4448 ab
420 4375 628 4450 Eusebiana
648 4375 941 4475 chronographia
960 4374 1108 4473 paulum
1128 4372 1296 4446 discedit.
1314 4374 1346 4445 Α
1368 4372 1609 4472 promissione
1630 4372 1726 4444 enim

129 4509 298 4583 Abrahae
324 4509 421 4582 sacta
439 4535 555 4609 usque
580 4509 626 4582 ad
649 4509 858 4608 ingressum
887 4507 993 4580 lacob
1023 4508 1059 4579 in
1084 4509 1289 4607 AEgyptum
1313 4519 1480 4579 numerat
1498 4530 1614 4577 annos
1634 4504 1723 4589 205;

128 4643 212 4717 inde
228 4644 275 4717 ad
292 4645 456 4717 Exodum
471 4669 587 4717 annos
602 4643 691 4729 2253
709 4643 768 4715 lex
783 4666 873 4741 crgo
888 4654 970 4740 post
985 4641 1204 4739 promissam
1222 4641 1434 4714 servitutem
1449 4639 1533 4711 data
1547 4649 1603 4710 est
1621 4636 1726 4709 annis

128 4779 216 4863 430;
236 4802 353 4875 eoque
377 4778 449 4849 430
473 4802 651 4849 annorum
675 4801 826 4848 numero
845 4788 990 4874 tempus
1014 4774 1139 4847 definit
1159 4771 1456 4847 commorationis
1477 4770 1725 4844 Hebraeorum

127 4912 166 4980 in
185 4911 357 5009 Aegypto
377 4912 599 4999 (Demonstr.
622 4938 666 4997 ιι,
686 4910 707 4981 3
729 4935 854 5008 seqq.;
873 4934 982 5008 supra
1002 4934 1037 5007 p.
1059 4913 1166 5003 χχιχ).
1190 4906 1307 4980 Simili
1327 4906 1466 4979 ratione
1488 4904 1524 4975 in
1545 4906 1726 4976 Demons-

193 5131 199 5168 '
218 5130 362 5193 blidrash
379 5129 544 5207 Tehillim,
562 5131 719 5205 Venetiis,
739 5135 831 5207 1546,
849 5152 880 5214 p.
897 5133 971 5205 ¹0²,
988 5151 1015 5194 c.
1035 5136 1062 5192 1.

189 5236 399 5312 ²Fabricius,
417 5259 468 5320 op.
486 5241 552 5314 cit,
569 5246 592 5299 t.
611 5237 638 5313 1,
655 5259 687 5322 p.
705 5241 760 5313 33;
777 5238 924 5314 Walton,
941 5237 1125 5300 Bibliornm
1140 5247 1342 5319 apparatus,
1360 5233 1388 5311 l,
1406 5256 1438 5318 p.
1455 5237 1504 5295 96.

189 5342 311 5426 ³Apud
337 5343 500 5428 Lagarde,
521 5342 686 5407 Analecta
709 5347 858 5425 syriaca,
877 5366 909 5429 p.
929 5348 985 5406 114
1006 5364 1096 5428 seqq.
1113 5342 1186 5409 Vid.
1204 5343 1359 5418 Curcton,
1381 5342 1590 5427 Spicilcginm
1616 5344 1726 5423 spria-

128 5468 217 5525 cnm,
234 5470 266 5532 p.
283 5454 334 5511 61.

192 5554 287 5619 *vin
301 5556 406 5619 lacohi
423 5557 618 5642 Sarugensis
631 5558 803 5621 Homiliam
819 5560 986 5642 septimam
1002 5557 1042 5620 de
1059 5557 1296 5621 Constitutione
1310 5571 1483 5621 creaturae
1498 5556 1592 5638 (blus.
1609 5557 1724 5620 britan.

128 5660 201 5724 cod.
216 5662 325 5727 Addit.
345 5668 396 5739 12,
415 5667 487 5739 162,
504 5662 558 5727 sol.
571 5668 610 5726 33
624 5665 665 5747 b.)

192 5769 267 5833 ³Cl.
288 5769 413 5844 Brenn,
430 5769 582 5855 Beitrttge
596 5791 660 5832 zur
672 5772 916 5856 Eschatologie,
933 5792 987 5855 pp.
1005 5776 1147 5835 275-277.
