4120 6456
353 512 434 552 xvru
895 485 1141 550 PRAEFATIO
1162 522 1203 534 -
1223 485 1365 551 CAPUT
1388 486 1412 549 l.

354 705 436 751 cere
448 681 472 772 ¹)
499 675 728 749 coenobitam
759 673 891 757 fuisse,
914 674 1095 774 etiamque
1127 675 1224 748 clero
1256 675 1543 748 adnumeratum.
1569 676 1787 750 Monachum
1819 677 1947 776 quippe

352 836 433 883 sese
454 835 526 881 non
551 808 664 881 semel
687 807 889 905 profitetur,
912 832 994 879 cum
1016 806 1187 880 videlicet
1211 808 1257 879 ad
1281 807 1497 894 monachos,
1517 838 1534 878 a
1557 809 1689 881 fratres
1714 835 1801 883 suos
1824 839 1841 880 a
1863 814 1947 904 (De-

350 955 502 1015 monstr.
521 969 575 1027 rr,
593 942 629 1027 6,
645 941 702 1013 20.
724 940 779 1015 Cf.
795 968 834 1026 x,
852 941 917 1035 9.),
937 939 1119 1026 scribens,
1138 965 1202 1013 eos
1218 953 1356 1028 monet,
1373 953 1547 1040 tanquam
1564 941 1641 1040 ipse
1657 943 1860 1017 monastica
1874 946 1946 1018 rita

348 1076 531 1161 eruditus,
550 1074 837 1173 disciplinaeque
850 1072 1056 1172 praeceptis
1070 1072 1228 1146 instituit
1243 1077 1465 1166 (Demonstr.
1482 1102 1536 1162 vr,
1552 1076 1593 1163 8,
1612 1080 1748 1175 seqq),
1765 1076 1855 1149 haec
1871 1077 1947 1149 iun·

346 1235 440 1309 gens
456 1236 464 1280 z
483 1207 747 1282 «Conveniens
763 1219 799 1278 et
814 1232 971 1305 aequum
986 1218 1022 1278 et
1038 1207 1209 1279 decorum
1225 1220 1281 1279 cst
1296 1206 1489 1280 consilium
1505 1209 1602 1306 quod
1618 1209 1665 1281 do
1680 1212 1904 1305 mihimetipsi
1916 1226 1945 1283 ct

345 1347 451 1429 rodis,
475 1340 705 1413 dilectissimi
720 1339 906 1426 monachi,
926 1339 987 1439 qui
1006 1365 1139 1412 uxores
1156 1366 1227 1411 non
1243 1340 1408 1437 accipitis
1427 1368 1444 1409 a
1461 1343 1684 1433 (Demonstr.
1703 1369 1757 1427 rr,
1776 1343 1825 1436 4).
1844 1343 1945 1413 Pari·

344 1488 412 1562 ter,
431 1474 535 1546 initio
551 1472 884 1546 Demonstrationis
900 1500 1007 1560 xvur,
1026 1497 1231 1545 sermonem
1244 1471 1403 1545 instituit
1418 1473 1462 1545 de
1479 1499 1517 1544 re
1531 1500 1639 1572 quam
1654 1475 1788 1546 fatetur
1800 1474 1944 1548 silentio
2047 1492 2048 1495 ’

344 1607 491 1680 minime
509 1605 869 1704 praetermittendam
887 1633 895 1677 :
916 1634 933 1674 a
952 1605 997 1676 de
1013 1629 1118 1678 sacro
1132 1606 1271 1678 scilicet
1288 1619 1394 1704 pacto
1412 1631 1478 1679 seu
1491 1602 1538 1679 de
1551 1605 1763 1706 virginitate
1779 1621 1815 1680 et
1834 1609 1944 1682 casti-

343 1753 417 1813 tate
433 1744 471 1812 io
482 1754 749 1834 pauperatorum
765 1767 798 1809 n.
814 1766 831 1808 a
846 1741 989 1810 Sortem
1000 1737 1139 1810 hanc...
1154 1737 1266 1810 libere
1279 1764 1485 1825 servamus,
1501 1765 1574 1811 non
1589 1739 1624 1810 ri
1640 1753 1703 1812 aut
1717 1740 1874 1813 alicuius
1887 1768 1945 1814 ne·

343 1874 515 1947 cessitate
530 1871 733 1971 praecepti,
750 1897 816 1944 nec
830 1871 913 1970 lege
932 1871 1054 1971 aliqua
1072 1871 1109 1943 in
1125 1896 1168 1943 ea
1182 1869 1334 1943 cohibiti
1356 1898 1374 1941 i>
1389 1874 1488 1963 (lhid.
1509 1872 1582 1967 ta),
1597 1872 1662 1944 scd
1680 1872 1869 1970 proposito
1887 1874 1943 1946 rel

342 2020 428 2079 roto
445 2005 654 2078 voluntario
680 2003 853 2102 obligati,
872 2005 968 2102 quod
996 2003 1157 2076 ostendit
1182 2004 1218 2075 iu
1241 2005 1561 2077 Demonstratione
1585 2033 1639 2091 vr,
1662 2007 1702 2091 4,
1727 2005 1798 2078 nisi
1822 2006 1943 2079 verbis

342 2164 533 2236 expresso,
552 2139 682 2211 saltem
697 2138 793 2210 lacto
809 2136 889 2234 ipso
905 2149 941 2209 et
960 2137 1088 2222 tacite,
1106 2148 1146 2209 ut
1162 2137 1419 2210 hodiernorum
1435 2137 1760 2226 subdiaconorum,
1780 2165 1943 2237 pronun·

341 2272 442 2345 tiato,
468 2274 513 2343 Ei
531 2271 602 2343 alio
623 2271 703 2343 loco
728 2271 773 2342 de
795 2269 983 2342 monachis
1003 2270 1175 2368 loquenS,
1194 2295 1233 2342 se
1254 2297 1379 2343 eorum
1399 2297 1550 2345 numero
1570 2297 1697 2345 rursus
1717 2273 1943 2346 demonstrat

342 2405 518 2477 insertum
535 2432 542 2475 :
557 2432 575 2473 a
591 2406 689 2476 llaec
702 2403 824 2476 omnia
839 2401 906 2474 tibi
915 2402 1063 2501 scripsi,
1077 2403 1279 2491 carissime,
1291 2404 1376 2503 quia
1386 2417 1514 2477 nostra
1524 2418 1642 2477 aetate
1658 2405 1826 2478 homines
1841 2407 1943 2478 inve·

341 2537 491 2609 niuntur
510 2535 571 2636 qui
599 2535 741 2634 scipsos
760 2535 856 2608 vitae
876 2536 1061 2609 solitariae
1081 2535 1378 2635 castimoniaeque
1398 2536 1578 2609 devovent
1597 2537 1806 2637 religiosae.
1830 2541 1942 2611 Porro

340 2670 518 2768 praelium
538 2681 665 2741 contra
685 2669 934 2743 adversarium
955 2670 1233 2757 committimus,
1252 2694 1294 2742 ac
1309 2669 1387 2767 ipse
1407 2670 1598 2742 nobiscum
1618 2671 1822 2757 contendit,
1841 2684 1882 2743 ut
1897 2672 1941 2744 ad
2047 2756 2048 2765 .

341 2816 476 2877 statum
488 2802 771 2896 [saecularemla
787 2828 857 2901 quo
873 2802 986 2875 libere
1003 2803 1241 2876 discessimus
1256 2828 1324 2875 nos
1339 2803 1501 2875 reducat.
1518 2831 1535 2873 a
1551 2804 1941 2897 (Demonstr.v11,25.)
2047 2792 2048 2795 ¹

414 2936 657 3009 Monosticum
686 2949 807 3009 autern
837 2937 954 3009 sancti
985 2936 1135 3010 Antonii
1169 2935 1377 3009 institutum
1403 2936 1520 3034 ipsius
1547 2936 1734 3034 discipuli,
1762 2937 1939 3036 magistro

339 3070 501 3142 nondum
521 3081 682 3156 mortuo,
701 3096 745 3142 ex
763 3072 934 3168 Aegypto
955 3069 992 3142 in
1011 3069 1201 3143 Orientem
1220 3082 1257 3141 ot
1276 3069 1313 3140 in
1329 3068 1516 3142 Persidem
1531 3095 1664 3168 usque,
1685 3096 1729 3141 eo
1749 3070 1830 3167 ipso
1845 3089 1938 3143 tern-

338 3228 444 3301 pore,
463 3202 500 3274 id
520 3215 576 3275 est
596 3203 743 3275 incunte
768 3202 915 3275 saeculo
934 3216 1081 3301 quarte,
1104 3202 1335 3288 invexerunt3
1354 3202 1412 3274 cui
1429 3227 1562 3274 nomen
1582 3202 1729 3276 dedisse
1754 3203 1792 3275 in
1811 3204 1938 3301 primis

337 3336 487 3408 tradunt
506 3350 673 3408 sanctum
696 3334 868 3408 laeohum
891 3334 1123 3421 Nisibenum‚
1140 3348 1176 3408 et
1196 3347 1362 3408 sanctum
1378 3335 1592 3421 Millesium,
1612 3338 1786 3408 Susarum
1806 3336 1937 3408 deinde

338 3469 549 3567 episcopum
577 3481 612 3541 et
639 3480 853 3566 martyrem,
877 3469 922 3540 de
949 3495 1021 3567 quo
1048 3471 1193 3567 supra².
1216 3471 1311 3568 Apte
1335 3470 1499 3567 prolecto
1524 3469 1561 3541 in
1586 3469 1676 3541 haec
1701 3494 1877 3567 prospera
1902 3470 1937 3541 iu
2046 3538 2047 3547 ,

340 3601 488 3674 Perside
515 3601 667 3674 militiae
691 3601 914 3674 monasticae
942 3602 1090 3674 exordia
1116 3601 1214 3673 cadit
1241 3602 1438 3700 Aphraatis
1464 3602 1661 3674 declaratio
1687 3630 1694 3674 :
1723 3627 1789 3675 sua
1816 3614 1937 3675 aetate
2046 3612 2047 3627 ¹

338 3734 491 3807 inveniri
512 3735 573 3833 qui
594 3734 812 3822 solitariam,
833 3735 1046 3834 religiosam
1065 3736 1384 3833 continentemque
1403 3735 1514 3806 vitam
1534 3734 1845 3832 amplexabantur.

412 3976 509 4046 Haec
527 3973 638 4046 habui
659 3999 751 4073 quae
767 3975 811 4046 de
827 3987 924 4046 statu
945 3974 1146 4046 monastico
1161 3974 1358 4073 Aphraatis
1370 3975 1580 4047 scriberem.
1602 3978 1705 4046 Nunc
1721 3975 1939 4073 relinquitur

336 4119 376 4177 ut
393 4106 572 4203 inquiram
596 4106 715 4204 qualis
735 4105 781 4177 sit
802 4105 1001 4177 auotoritas
1022 4106 1058 4177 in
1079 4105 1299 4179 testimoniis
1319 4107 1537 4206 scriptorum
1557 4107 1755 4180 dicentium
1774 4108 1937 4206 Aphraa·
2045 4166 2046 4191 ,

336 4250 410 4310 tem
431 4238 468 4309 in
487 4238 709 4311 monasterio
729 4238 791 4309 illo
812 4238 929 4310 sancti
949 4238 1124 4310 Matthaei
1145 4238 1357 4337 episcopum
1377 4240 1574 4313 exstitisse.
1594 4245 1665 4313 Res
1685 4254 1806 4313 autem
1822 4267 1841 4313 e
1858 4254 1937 4314 tex·

335 4383 438 4443 tuum
457 4371 712 4470 disquisitione
732 4371 990 4469 perpendenda
1011 4383 1079 4442 est.

410 4508 492 4578 Duo
513 4506 659 4603 quidem
681 4506 750 4578 loci
772 4506 808 4577 in
827 4505 1148 4578 Demonstratione
1169 4533 1230 4578 xrv
1249 4507 1295 4579 ad
1315 4507 1528 4580 firmandam
1548 4507 1770 4605 praedictam
1790 4507 1935 4605 opinio-

336 4665 419 4711 nem
446 4640 601 4711 multum
626 4639 798 4712 ridentur
823 4639 1005 4725 conferre,
1024 4639 1123 4738 prior
1150 4640 1186 4712 iu
1212 4639 1320 4712 huius
1347 4640 1523 4738 epistolae
1550 4640 1715 4723 exordi0,
1738 4641 1836 4739 quod
1863 4641 1933 4715 iam
2044 4736 2045 4741 ἵ

336 4772 518 4871 Georgius
536 4772 573 4843 in
593 4772 843 4845 testimouium
863 4772 1013 4845 adduxit
1032 4801 1039 4844 :
1058 4799 1140 4845 oum
1160 4799 1288 4871 nempe
1304 4773 1508 4870 aphraates
1524 4774 1685 4871 seipsum
1702 4774 1800 4846 clero
1818 4774 1934 4847 adnu·
2044 4802 2045 4823 ÷

336 4918 469 4993 irrorat,
489 4905 653 4978 scribens
676 4934 684 4977 ι
709 4934 726 4975 a
754 4906 956 4980 Consilium
982 4906 1145 5003 cepimus
1169 4932 1296 4978 omnes
1322 4931 1407 4990 nos,
1430 4906 1515 4978 dum
1545 4907 1761 5005 congregati
1788 4932 1931 4989 samue,

395 5137 456 5199 'lh
476 5137 704 5220 Weingarten,
721 5137 791 5199 Der·
813 5137 989 5221 Uraprang
1001 5137 1058 5199 dea
1074 5136 1282 5200 Mdnchtama
1296 5138 1339 5198 im
1358 5137 1759 5198 nociaconstonstimachea
1778 5137 1936 5199 Zeitolter

334 5243 527 5325 (Zeitschriit
545 5245 595 5307 lirr
611 5243 953 5327 Kirchengesehichte,
972 5245 1094 5319 Gotha,
1114 5248 1205 5317 1877,
1224 5241 1236 5304 l
1254 5264 1308 5326 pp.
1330 5248 1418 5317 1-35;
1439 5244 1595 5324 545-574);
1612 5252 1671 5305 art.
1688 5242 1879 5305 hidachtam
1902 5243 1932 5303 in

332 5350 476 5433 llerzogs
499 5349 851 5433 hoel-Encyclopttdie,
871 5350 1018 5434 Leipzig,
1038 5354 1130 5426 1882,
1145 5350 1206 5414 vol.
1225 5349 1268 5424 X,
1290 5371 1344 5433 pp.
1366 5354 1439 5425 776,
1463 5355 1530 5413 777.
1552 5385 1591 5397 -
1610 5350 1783 5432 Aphraatis
1804 5369 1933 5411 causam

332 5455 472 5519 defendit
492 5457 623 5540 Ryssel‚
642 5457 739 5522 Notis
758 5459 839 5519 iiber
855 5458 906 5519 dia
925 5458 1076 5540 slnsitnge
1097 5457 1153 5520 dea
1174 5456 1381 5521 Miinchtama
1400 5460 1433 5518 in
1453 5456 1571 5537 Syrien
1588 5455 1836 5539 (Theologische
1852 5456 1933 5518 Lite·

331 5565 564 5647 raturzeitung,
584 5567 675 5639 1885,
691 5570 778 5639 n⁰16,
796 5584 843 5626 ec.
860 5564 1017 5643 387-390).

391 5674 403 5708 ²
431 5671 502 5735 Vid.
528 5672 712 5747 Assemani,
742 5671 945 5733 Bibliotheca
977 5669 1169 5749 Orr'eatolis,
1201 5680 1223 5734 t.
1250 5670 1309 5747 lll,
1337 5678 1419 5755 part.
1450 5675 1485 5748 2,
1512 5692 1566 5755 pp.
1592 5669 1742 5746 dccclxii,
1770 5690 1873 5753 seqq,
1902 5677 1934 5730 et

330 5778 531 5855 dccclxxxvi5
555 5778 736 5857 Sozomeni,
751 5777 896 5841 Historia
915 5778 1150 5856 ecclesiastico,
1167 5778 1209 5854 ll,
1228 5783 1274 5839 14.
1293 5778 1389 5841 Patr.
1410 5777 1467 5841 Gr.
1482 5786 1503 5840 t.
1522 5776 1652 5853 Llil'll,
1668 5800 1696 5839 c.
1711 5781 1780 5851 968,
1796 5797 1886 5859 seqq.
