4120 6456
666 481 911 546 APHRAATIS
933 481 1166 546 DOCTRINA.
1639 506 1717 547 uxnr

7 774 8 781 ἵ
118 685 249 769 tapetia
274 686 331 771 opt
352 670 472 764 ἔχιδνα,
497 688 594 758 tamt
614 674 761 756 ἁθλῆτης,
786 696 865 763 tage
884 678 1062 768 παραθήκη,
1088 692 1192 751 tuost
1209 676 1377 767 παῤῥησία,
1403 693 1504 760 totam
1525 698 1590 772 pro
1610 703 1718 744 κεντυ-

7 830 8 843 ’
120 808 201 899 plor,
226 825 344 909 Ν,
365 831 430 903 pro
453 820 599 910 teryl
623 831 640 875 a
663 803 893 903 indulgentia
915 834 932 871 a
954 804 1137 896 (amnistia
1157 804 1314 903 bellica).
1332 806 1499 879 Notauda
1519 806 1629 878 etiam
1647 830 1719 879 vox

123 954 195 1017 ..rut
215 943 280 1036 εἰκῇ
295 942 517 1031 (Demonstr.
533 965 617 1024 xnr,
639 939 695 1033 ll)
711 937 748 1009 in
764 936 843 1009 cod.
862 942 901 1023 B,
919 961 985 1035 pro
1001 962 1072 1035 qua
1090 938 1241 1012 alterius
1261 939 1397 1014 codicis
1417 939 1574 1037 scriptor
1598 959 1661 1022 aaz
1682 953 1718 1013 et

7 1136 8 1167 ,
122 1088 173 1152 tat
200 1072 329 1145 inscite
356 1072 557 1170 reposuit¹.
580 1069 956 1144 Animadvertendum
981 1083 1037 1142 est
1062 1097 1206 1170 quoque
1230 1072 1447 1145 vocabulum
1469 1096 1548 1142 ma.
1568 1076 1613 1166 (o.
1632 1073 1716 1159 505,

120 1206 144 1282 Ι.
167 1207 214 1278 26
233 1219 269 1278 et
288 1232 321 1278 c.
343 1206 429 1291 677,
451 1206 477 1277 l.
500 1206 548 1295 3),
573 1204 678 1277 cuius
694 1203 800 1303 origo
819 1204 949 1302 ignota
968 1204 1157 1277 remansit.

193 1339 347 1438 Aliquos
361 1339 511 1437 insuper
526 1336 671 1410 dicendi
686 1336 815 1410 modos
831 1335 993 1421 adhibet,
1011 1337 1256 1435 antiquiorum
1272 1339 1493 1436 peculiares,
1511 1350 1551 1411 ut
1564 1363 1597 1410 u
1618 1363 1720 1437 prae·

119 1472 180 1544 fixi
207 1497 297 1544 usus
326 1471 448 1542 inhia
476 1469 669 1542 formulis:
690 1488 883 1582 mptum
908 1468 994 1541 item
1015 1491 1099 1541 tut
1118 1493 1202 1571 ,aa
1229 1475 1450 1564 (Demonstr.
1478 1499 1532 1557 ιν,
1554 1474 1622 1566 tt),
1653 1496 1719 1570 pro

120 1631 191 1704 quo
220 1605 317 1704 apud
341 1605 498 1677 seriores
522 1604 702 1701 reperitur
727 1603 950 1702 praepositio
974 1607 1051 1700 μς
1074 1606 1132 1677 vel
1148 1605 1323 1677 sormam:
1347 1635 1456 1707 »ψ
1469 1643 1551 1704 ,auo
1567 1627 1639 1687 tubo
1660 1644 1719 1703 era

120 1744 205 1831 (xro,
223 1741 284 1831 45)
298 1737 361 1811 uhi
380 1736 532 1811 verbum
551 1736 588 1808 iu
610 1736 788 1809 infinitivo
803 1736 971 1811 absoluto
987 1738 1221 1838 relinquitur;
1235 1739 1293 1811 vel
1308 1764 1440 1811 nexum
1456 1739 1576 1812 suffixi
1595 1739 1720 1814 obiec-

120 1872 183 1945 tivi
204 1898 286 1945 curn
317 1872 496 1946 infinitivo
524 1908 648 1972 <squ
677 1883 713 1943 et
739 1897 844 1959 ecto»
874 1875 1096 1964 (Demonstr.
1126 1899 1189 1956 xv,
1219 1874 1272 1965 8);
1295 1872 1427 1970 quibus
1454 1872 1539 1946 addi
1566 1886 1720 1972 possunt

121 2005 285 2103 exempla
309 2032 330 2079 a
351 2006 601 2106 grammaticis
625 2005 664 2078 in
687 2004 936 2079 obsoletorum
960 2031 1112 2078 numero
1136 2005 1274 2104 posita,
1297 2006 1376 2079 sive
1401 2032 1421 2079 e
1442 2006 1609 2080 codicum
1634 2006 1720 2080 des-

121 2139 299 2238 criptione
320 2140 395 2213 sive
416 2166 460 2213 ex
479 2139 706 2239 inspectione
725 2138 832 2211 lexici
852 2138 1077 2212 deducenda.

194 2275 243 2345 At
259 2274 375 2372 pluris
390 2274 500 2347 etiam
515 2273 682 2346 facienda
698 2284 783 2345 sunt
797 2272 994 2370 Aphraatis
1010 2273 1144 2370 scripta
1160 2272 1192 2345 si
1206 2273 1253 2346 ad
1267 2273 1451 2372 syntaxim
1467 2273 1718 2371 respiciamuS,

121 2432 203 2478 curn
221 2432 302 2478 earn
320 2407 433 2478 veluti
447 2431 593 2479 aurearu
611 2418 768 2479 aetatem
788 2406 953 2503 aperiant
973 2431 1044 2505 qua
1060 2405 1202 2478 litterae
1217 2407 1414 2505 syriacaea
1428 2419 1556 2504 quarto
1572 2407 1618 2479 ad
1638 2432 1722 2479 sex-

120 2551 197 2610 tum
214 2539 454 2637 septimumve
470 2539 670 2623 saeculum,
688 2563 757 2637 ope
778 2538 972 2636 llphraenri
993 2538 1180 2637 ipsiusque
1201 2538 1481 2637 discipulorum,
1504 2551 1638 2637 etpost
1657 2566 1721 2613 eos

122 2673 330 2758 Maruthae,
353 2671 554 2757 llabbulae,
578 2672 694 2745 Isaaci
713 2671 950 2757 Antiochcm,
976 2670 1097 2745 lacobi
1118 2671 1340 2771 Sarugcusis
1360 2671 1602 2771 aliorumque,
1619 2685 1722 2746 tanto

121 2805 345 2878 incremento
357 2818 485 2878 auctae
499 2817 601 2891 sunt3
615 2818 723 2904 atque
746 2805 822 2902 ipse
835 2805 1059 2902 AphraateS,
1078 2805 1125 2878 ob
1143 2817 1262 2878 certas
1280 2804 1515 2878 condiciones
1532 2831 1623 2904 quas
1643 2832 1724 2904 pro·

122 2938 245 3036 posui,
268 2965 289 3011 a
309 2940 529 3011 Graecorum
549 2937 734 3012 consortio
759 2962 845 3036 prae
866 2937 997 3010 ceteris
1018 2937 1237 3023 subductus,
1260 2938 1297 3009 iu
1317 2938 1511 3009 verborum
1531 2939 1723 3011 continua-

122 3072 221 3144 tione
241 3085 278 3145 ct
298 3085 376 3146 toto
397 3072 551 3145 circuitu
573 3071 772 3160 sermome,
789 3084 987 3170 syntaxeos
1012 3071 1177 3143 habiturn
1195 3084 1232 3143 et
1246 3070 1399 3144 sormam
1421 3097 1506 3143 vere
1523 3071 1724 3144 semiticaru
1754 3076 1758 3081 ’

121 3204 327 3277 exhibeat³.
350 3204 498 3278 Tersior
513 3204 659 3304 quidem
680 3216 715 3276 et
738 3204 886 3277 uberior
906 3205 1133 3303 Ephraemus
1156 3203 1359 3301 Aphraate,
1377 3203 1539 3277 omnium
1560 3204 1724 3302 syriaco-

122 3363 201 3410 rum
222 3338 495 3437 magmlicentia
515 3351 551 3410 et
573 3336 703 3437 liguris
729 3350 765 3409 et
790 3337 909 3438 gratia
933 3337 1119 3435 princeps,
1141 3363 1212 3435 quo
1236 3338 1417 3410 neminem
1443 3337 1479 3408 in
1507 3337 1634 3437 lingua
1657 3364 1724 3411 sua

123 3470 353 3544 disertiorem
370 3471 452 3569 Syri
466 3483 690 3570 agnoscunt3
710 3471 774 3543 sed
791 3470 982 3568 plurimam
998 3470 1092 3543 inter
1107 3496 1171 3543 eos
1183 3484 1260 3543 tum
1276 3470 1312 3542 in
1328 3470 1481 3543 cousilio
1497 3497 1578 3543 curn
1594 3471 1631 3543 in
1647 3471 1724 3544 elo-

121 3603 268 3701 quendo
295 3604 545 3677 diversitatem
572 3616 715 3676 exstare
745 3603 914 3703 superius
940 3603 1102 3690 ostendi,
1127 3617 1164 3676 et
1192 3603 1311 3702 magis
1341 3606 1466 3676 lsaaco
1494 3604 1723 3677 Antiocheno

125 3735 255 3808 similis
280 3748 405 3809 noster
434 3736 629 3822 invenitur,
657 3761 774 3835 aquo
800 3735 860 3808 ille
889 3761 962 3809 non
991 3735 1219 3808 solummodo
1247 3761 1384 3821 rerum,
1413 3749 1454 3807 ut
1484 3736 1721 3821 dictumest,

122 3870 305 3968 exempla,
329 3869 393 3942 sed
419 3882 455 3942 et
481 3868 670 3968 ingenium
696 3881 733 3943 et
751 3869 924 3968 loquendi
946 3869 1093 3942 modurn
1122 3868 1285 3941 imitatus
1311 3881 1379 3940 est.
1408 3868 1614 3965 Aphraates
1636 3894 1723 3942 vero

122 4027 230 4100 prosa
244 4002 410 4076 oratione
431 4002 594 4076 scribens
613 4002 818 4101 antiquiora
833 4001 908 4075 stili
924 4002 1140 4075 documenta
1156 4000 1310 4098 prosert3
1329 4025 1440 4099 quare
1455 4025 1528 4073 nou
1544 4001 1723 4075 immerito

123 4160 204 4207 eurn
229 4135 432 4208 iudicamus
453 4135 602 4236 linguae
628 4135 792 4232 syriacae
814 4134 996 4208 tironibus
1020 4134 1174 4206 maxime
1202 4133 1376 4231 prodesse
1406 4158 1533 4231 posse,
1557 4159 1601 4206 cx
1620 4134 1724 4207 cuius

123 4268 295 4365 operibus
312 4270 375 4367 qui
395 4268 439 4342 dc
455 4269 695 4368 grammatica
715 4268 857 4367 syriaca
877 4279 1035 4340 tractant
1050 4267 1205 4364 plurima
1225 4279 1353 4365 petunt
1372 4266 1550 4366 exempla.

93 4560 104 4587 ·
197 4535 258 4607 20.
281 4538 430 4608 Necnon
456 4534 692 4608 historiarum
717 4535 893 4608 studiosis
917 4534 1136 4607 documenta
1157 4532 1285 4606 tribuit
1304 4533 1521 4633 Aphraates.
1546 4535 1612 4607 His
1631 4559 1723 4632 quae

130 4667 171 4740 de
200 4667 454 4767 persecutione
482 4667 626 4766 persica
655 4668 762 4741 etde
788 4666 972 4767 paschatis
1003 4665 1248 4740 celebratione
1282 4666 1449 4764 superius
1476 4667 1601 4765 posui,
1631 4667 1724 4740 adde

130 4802 223 4899 quod
247 4815 393 4900 tempus
420 4801 526 4901 regni
554 4801 704 4900 Saporis
731 4800 906 4874 librorum
932 4799 1264 4898 subscriptionibus
1290 4799 1537 4873 constituitur.
1560 4801 1725 4873 Alteram

130 4934 222 5007 cmm
248 4935 610 5009 Demonstrationum
636 4935 767 5009 seriem
796 4966 813 5001 «
844 4959 940 5006 anno
967 4932 1233 5007 sexcentesimo
1265 4933 1570 5034 quinquagesimo
1597 4933 1725 5033 quinto

188 5199 196 5237 ⁴
214 5199 288 5263 Vid.
306 5200 457 5273 Cureton,
473 5200 632 5266 Bembina
647 5203 688 5282 of
696 5201 747 5262 the
758 5202 840 5282 four
856 5200 1007 5283 GoapeLs,
1026 5198 1067 5260 ad
1080 5198 1141 5262 loo.
1158 5197 1272 5260 Matth.
1289 5221 1319 5273 v,
1337 5201 1385 5259 22.

187 5307 200 5344 ²
215 5306 290 5371 vid.
307 5307 415 5391 Payne
431 5307 551 5383 Smith,
574 5308 761 5370 Thesaurus
775 5310 942 5388 syriacus,
960 5305 1021 5369 ool.
1039 5309 1128 5380 2157,
1146 5304 1206 5367 suh
1221 5324 1310 5366 num.
1328 5309 1357 5366 7.

187 5414 200 5451 ⁸
217 5440 231 5471 a
249 5413 296 5476 Iru
310 5414 440 5477 Gauron
459 5413 576 5498 glaube
596 5412 647 5477 ioh
668 5411 848 5497 behaupten
863 5435 900 5475 zu
914 5411 1143 5487 konnen,dass
1158 5431 1231 5473 man
1246 5409 1443 5473 uramtiische
1459 5410 1581 5491 Syntax
1592 5431 1643 5472 aru
1655 5411 1725 5473 bes-

132 5525 181 5581 ten
194 5541 252 5583 aus
265 5520 328 5584 deu
342 5520 569 5583 mandaisohen
582 5520 753 5597 Schriften,
765 5521 943 5582 undlerncr
952 5541 1011 5582 aus
1026 5518 1157 5581 soleheu
1172 5518 1338 5601 syrischeu
1349 5512 1492 5584 Werken
1504 5517 1613 5579 lernen
1623 5517 1723 5592 kann,

132 5626 248 5690 welche
266 5648 340 5690 vom
356 5627 586 5691 Griechischen
605 5649 642 5691 so
661 5629 769 5711 wenig
786 5627 919 5690 berthrt
935 5626 1022 5701 sind,
1039 5626 1100 5689 wie
1114 5624 1165 5688 die
1179 5624 1236 5688 des
1252 5626 1431 5709 Aphraates
1448 5651 1462 5683 a
1478 5625 1550 5709 lTh.
1565 5623 1722 5701 Nbldelre,

133 5730 343 5799 Mouddhchc
359 5733 576 5814 &ammonia
594 5733 697 5812 Halle,
715 5739 801 5798 1871.
819 5735 923 5798 Praei.
938 5756 970 5818 p.
986 5734 1064 5815 uxr).
