4120 6456
680 517 925 583 APHRAATIS
948 518 1181 583 DOCTRlNA.
1696 538 1734 579 nv

130 708 254 781 munio
274 721 359 806 post
382 707 604 806 baptismum
629 706 813 781 dabatur:
840 739 856 775 «
880 706 1147 781 Eucharistiam
1174 719 1322 779 sumunt
1348 719 1541 805 postquam
1567 707 1733 779 conversi

130 842 175 914 ad
194 840 417 940 baptismum
437 853 695 939 processerunt
712 868 730 911 »
748 843 970 933 (Demonstr.
987 868 1056 926 x11,
1074 842 1110 912 9.
1129 840 1184 914 Cl.
1203 867 1252 926 rv,
1274 840 1340 935 19).
1363 840 1507 939 lndigni
1526 871 1542 906 κ
1560 840 1696 937 pascha
1714 872 1731 907 »

130 1000 203 1047 non
222 974 444 1047 manducant
463 975 687 1066 (Demonstr.
704 1000 773 1061 xrr,
791 974 845 1069 9),
864 974 928 1047 sed
949 999 990 1047 os
1015 973 1054 1045 in
1077 973 1234 1072 puritate
1260 972 1389 1046 sedulo
1414 973 1631 1045 servandum
1656 987 1729 1057 est,

128 1133 199 1205 quo
220 1110 362 1205 Corpus
378 1120 415 1179 et
430 1107 592 1207 Sanguis
611 1106 749 1181 Christi
770 1106 968 1205 suscipitur
987 1110 1209 1199 (Demonstr.
1229 1133 1288 1192 111,
1307 1106 1352 1200 2).
1375 1106 1498 1178 [litum
1519 1106 1628 1178 etiam
1645 1131 1733 1179 auc-

128 1252 185 1312 tor
200 1240 386 1340 significat
401 1264 473 1339 quo
489 1251 758 1313 sacramentum
778 1238 1007 1338 accipiebant
1027 1252 1167 1313 stantes
1183 1238 1338 1337 pedibus
1353 1242 1575 1332 (Demonstr.
1592 1266 1661 1322 xu,
1680 1241 1729 1335 9),

127 1385 163 1445 et
177 1398 241 1446 ore
257 1372 451 1446 sumebant
467 1375 690 1464 (Demonstr.
709 1400 778 1459 vu,
797 1373 861 1458 2l;
879 1400 932 1458 rx,
955 1373 1016 1458 103
1034 1400 1097 1457 xx,
1115 1375 1164 1467 8).
1184 1373 1412 1445 Elementum
1432 1373 1579 1445 tandem
1595 1372 1732 1445 indicat

128 1504 313 1590 sacrificii,
333 1505 473 1578 scilicet
496 1530 628 1602 panem
646 1506 883 1579 torrefactum
903 1505 965 1604 qui
986 1505 1023 1577 in
1042 1504 1155 1578 missa
1180 1504 1329 1578 ollertur
1348 1508 1569 1597 (Demonstr.
1592 1532 1661 1590 xri,
1679 1506 1727 1599 9).

127 1641 179 1711 De
198 1664 328 1737 azymo
348 1651 470 1712 autem
487 1650 522 1711 et
538 1638 756 1712 sermentato
776 1664 849 1711 non
869 1639 1068 1737 quidquam
1086 1638 1231 1712 videtur
1251 1638 1420 1723 delinire,
1438 1664 1522 1711 nam
1543 1663 1628 1711 esus
1649 1665 1731 1738 azy·

126 1797 285 1857 momm,
304 1771 349 1845 de
370 1797 441 1870 quo
462 1769 597 1844 ibidem
617 1771 712 1871 agit,
731 1771 777 1845 ad
796 1771 984 1871 liturgiam
1004 1771 1129 1844 forsan
1148 1798 1221 1844 non
1241 1784 1395 1870 spectat.

197 1987 273 2057 Nec
289 1984 410 2057 minus
430 1997 556 2083 aperta
580 1998 665 2058 sunt
685 1986 730 2058 de
751 1985 981 2058 Paenitentia
1000 1997 1036 2058 et
1056 1985 1101 2058 de
1119 1997 1352 2083 peccatomm
1372 1985 1604 2059 consessione
1623 1986 1730 2059 testi-

125 2118 263 2203 monia,
282 2118 387 2191 cuius
402 2119 660 2191 necessitatem
677 2130 713 2192 et
729 2117 930 2192 efficaciam
950 2119 1046 2192 clare
1063 2118 1224 2217 exponit.
1243 2117 1393 2204 Medici,
1417 2142 1481 2191 seu
1498 2119 1726 2205 sacerdotes,

124 2276 256 2324 munus
285 2250 423 2325 babent
448 2251 599 2325 curandi
624 2252 855 2325 vulneratum
884 2252 921 2323 in
952 2251 1091 2350 praelio
1118 2255 1341 2344 (Demonstr.
1368 2278 1438 2339 vu,
1460 2252 1514 2345 2),
1533 2252 1728 2324 dummodo

1 2465 2 2482 1
124 2383 193 2456 iste
216 2384 351 2456 vulnus
377 2384 516 2483 aperiat
540 2383 697 2458 diceus:
722 2416 740 2452 ι(
764 2385 917 2457 Peccavi
940 2416 956 2451 »
979 2388 1075 2477 (ibid.
1099 2386 1152 2479 3),
1175 2398 1212 2459 et
1233 2385 1367 2457 vulnus
1388 2385 1551 2484 detegat.
1575 2388 1730 2459 Peccata

123 2516 289 2590 confiteri
322 2542 368 2590 ne
402 2517 545 2590 dubitet
575 2520 672 2611 (idid.
705 2518 762 2612 12)
796 2530 832 2590 et
852 2518 1115 2616 paenitentiam
1149 2518 1343 2616 implorare
1376 2521 1469 2611 (ibid.
1503 2520 1570 2613 15).
1596 2519 1728 2591 Medici

122 2662 296 2749 aegrotos
319 2675 467 2724 monere
492 2649 628 2723 debent
652 2662 761 2750 atque
786 2650 993 2724 instaurare
1017 2655 1114 2743 (ibid.
1140 2653 1214 2746 ll),
1238 2652 1382 2750 culpam
1407 2652 1607 2725 revelatam
1628 2652 1728 2725 nullo

1 2863 2 2870 ἵ
122 2783 230 2855 modo
251 2783 405 2881 prodere
426 2786 523 2876 (idid.
545 2786 581 2877 4)
601 2809 669 2857 nec
693 2785 797 2882 lapso
825 2785 1027 2857 remedium
1049 2785 1295 2882 paenitentiae
1322 2810 1459 2883 negare
1485 2788 1581 2879 (ibid.
1603 2787 1676 2881 ll),
1693 2800 1730 2859 et

122 2914 194 2987 alia
228 2916 452 2989 huiusmodi.
487 2916 670 2990 Immerito
700 2942 790 3016 ergo
817 2931 1084 2990 sacramentum
1115 2918 1360 3016 paenitentiae
1391 2931 1427 2991 et
1458 2917 1725 2991 consessionem

121 3048 363 3122 auricularem
383 3049 480 3149 apud
498 3062 641 3123 veteres
662 3050 891 3124 Christianos
911 3050 1096 3124 exstitisse
1117 3051 1336 3124 inficiantur.

196 3185 236 3254 ln
271 3183 591 3256 Demonstratione
623 3210 702 3271 mv,
724 3185 789 3270 44,
821 3185 866 3256 de
896 3183 1081 3257 solvendis
1113 3197 1176 3256 aut
1208 3184 1368 3284 ligandis
1401 3182 1725 3257 excommunicatis

122 3316 314 3413 perspicue
339 3316 512 3414 loquitur,
540 3330 576 3389 et
600 3317 775 3389 formulas
794 3318 920 3389 sorsan
939 3317 1051 3390 tradit
1078 3317 1463 3390 excommunicationis
1487 3317 1658 3390 serendae
1688 3329 1724 3389 et

123 3447 336 3535 solvendae,
355 3449 496 3522 scilicet
514 3477 522 3521 ε
543 3481 560 3516 «
577 3449 730 3550 Ligatus
746 3475 786 3523 es
805 3463 841 3523 et
860 3450 1077 3523 maledictus
1097 3451 1142 3523 de
1158 3452 1259 3523 caelo
1273 3464 1309 3524 et
1328 3452 1373 3524 de
1393 3463 1503 3524 terra.
1521 3453 1599 3525 Vae
1617 3462 1654 3522 et
1671 3450 1723 3565 illi

121 3581 183 3679 qui
202 3607 285 3654 cum
304 3607 348 3655 eo
371 3582 574 3655 collocutus
596 3582 706 3656 fuerit
727 3611 760 3654 r.
781 3615 797 3649 «
821 3586 921 3656 Deus
942 3583 1151 3656 misericors
1171 3597 1227 3657 est
1251 3598 1287 3657 et
1302 3596 1453 3682 peccata
1472 3598 1535 3658 tua
1555 3584 1719 3656 dimittit.

123 3715 341 3813 Ingredere,
358 3716 443 3788 veni
464 3716 510 3788 ad
533 3716 748 3790 orationem.
775 3749 791 3783 »

193 3927 532 4013 Confirmationem,
551 3929 654 4002 cuius
674 3931 813 4004 nullum
830 3929 939 4003 hodie
959 3930 1056 4029 apud
1072 3931 1310 4003 Nestorianos
1330 3943 1481 4030 apparet
1499 3930 1716 4031 vestigium,

120 4062 211 4133 adeo
230 4074 272 4133 ut
291 4086 334 4134 ea
353 4087 476 4134 carere
489 4062 603 4136 ferme
619 4064 826 4151 credantur,
845 4077 882 4136 et
901 4090 1032 4137 nomen
1052 4064 1161 4136 etiam
1181 4065 1370 4164 ignorent,
1393 4063 1601 4165 significare
1616 4065 1720 4137 vide·

119 4207 178 4266 tur
196 4194 421 4293 aphraates,
442 4226 459 4261 «
484 4194 752 4294 impositionem
772 4197 871 4297 signi
894 4230 910 4263 n
933 4197 1171 4283 nominando,
1191 4223 1282 4297 quae
1305 4224 1386 4271 cum
1406 4197 1588 4297 baptismo
1611 4197 1720 4271 daba-

119 4341 179 4399 tur
211 4330 434 4419 (Demonstr.
465 4355 534 4414 xn,
573 4330 640 4424 13).
672 4330 773 4402 Licet
802 4342 927 4403 nostra
960 4343 1078 4404 aetate
1112 4332 1320 4405 Nestoriani
1352 4332 1473 4405 oleum
1506 4358 1649 4405 sacrum
1683 4345 1720 4405 et

118 4460 278 4533 chrisma
297 4487 371 4534 non
391 4462 601 4547 conficiant,
621 4462 717 4560 apud
737 4488 800 4536 eos
819 4477 942 4536 tamen
962 4463 1154 4537 exstabant
1173 4465 1259 4538 olim
1275 4466 1568 4540 Confirmationis
1589 4479 1625 4538 et
1646 4468 1719 4537 Ex-

118 4607 256 4666 tremae
277 4594 468 4668 Unctionis
494 4595 565 4667 duo
591 4609 836 4683 sacramenta;
860 4610 896 4669 et
915 4598 1119 4670 certissima
1142 4600 1373 4697 reperiuntur
1392 4599 1429 4671 in
1448 4598 1552 4671 libris
1575 4598 1718 4672 rituali·

116 4725 187 4798 bus
207 4739 243 4799 et
263 4727 360 4826 apud
380 4728 549 4827 antiquos
566 4732 692 4801 Patres
712 4730 888 4802 ecclesiae
909 4730 1071 4829 syriacae
1091 4738 1157 4831 pro
1176 4732 1401 4806 infirmorum
1420 4732 1591 4805 unctione
1610 4732 1717 4805 testi-

116 4859 256 4946 monia,
276 4858 408 4958 quibus
428 4861 578 4934 accedat
603 4862 801 4961 Aphraatis
825 4863 1039 4951 declaratio,
1061 4866 1183 4937 uarios
1202 4866 1275 4938 olei
1293 4892 1382 4939 usus
1401 4867 1639 4966 proponentis
1659 4865 1717 4937 his

115 4991 239 5065 verbis
255 5021 263 5063 ε
278 4992 433 5092 Signum
443 4994 606 5067 continet
617 4995 762 5091 [oleum]
776 5028 792 5062 «
810 4998 1028 5070 sacramenti
1042 4999 1152 5085 vitae,
1166 5024 1238 5098 quo
1254 4999 1490 5098 perficiuntur
1501 4998 1713 5083 Christiani,

115 5127 343 5211 sacerdotes,
363 5151 483 5227 reges,
501 5128 719 5226 prophetae;
737 5129 908 5203 tenebras
929 5130 1127 5219 illuminat,
1145 5133 1253 5232 ungit
1272 5133 1452 5219 infirmos,
1471 5147 1507 5206 et
1527 5159 1592 5233 per
1611 5158 1716 5206 arca-

115 5284 202 5330 num
222 5284 329 5331 suum
349 5275 615 5334 sacramentum
635 5264 863 5361 paenitentes
884 5264 1024 5337 reducit
1047 5298 1063 5332 »
1085 5268 1308 5358 (Demonstr.
1330 5295 1437 5355 xxru,
1460 5270 1531 5363 3)¹.

191 5454 366 5528 Ordinem
392 5481 457 5529 seu
482 5488 500 5524 ι(
522 5482 696 5531 manuum
716 5459 987 5558 impositionem
1014 5478 1314 5537 »commemorat
1338 5465 1374 5537 in
1395 5456 1714 5540 Demoristratione

116 5613 195 5671 xrv,
215 5587 274 5659 25.
293 5587 418 5661 Solum
434 5590 654 5664 matrimonii
670 5606 936 5666 sacramentum
951 5621 1023 5667 non
1038 5596 1172 5695 tangit.
1190 5599 1239 5669 At
1254 5598 1291 5670 in
1305 5599 1436 5672 ceteris
1451 5626 1533 5672 cum
1550 5601 1714 5674 Ecclesia

179 5782 186 5820 ¹
208 5782 256 5845 Dc
275 5782 335 5845 hac
356 5784 505 5848 unctione
529 5788 757 5869 paenitentiam
779 5798 940 5852 eteorum
967 5790 1021 5874 qui
1043 5792 1083 5854 ab
1102 5791 1227 5854 haeresi
1249 5795 1524 5871 convertebantur,
1546 5796 1585 5859 cl.
1607 5796 1711 5873 Pitra,
