4172 6454
682 505 881 572 CODICUM
903 505 1176 571 DESCRIPTIO.
1630 525 1729 566 xxxix

131 725 209 772 rum
234 699 377 798 positac
403 710 506 783 sunt,
528 696 725 796 diligenter
751 695 971 782 notavimus,
994 721 1066 766 non
1085 707 1227 767 tantum
1253 694 1317 766 ubi
1344 694 1495 767 aderant
1524 694 1589 768 sed
1618 695 1727 766 etiam

130 833 273 932 quaudo
293 830 523 913 deficiebant,
547 843 680 928 puncta
700 828 832 927 quibus
853 854 979 901 revera
998 828 1120 926 aliqua
1140 827 1248 900 lectio
1268 828 1421 899 indicari
1441 827 1646 901 videbatur.

203 969 298 1038 Dum
325 965 371 1037 ad
397 965 489 1036 duos
516 963 598 1035 illos
627 962 773 1035 codices
802 962 987 1035 Nitriauos
1011 962 1046 1033 A
1069 973 1106 1033 et
1124 963 1202 1034 B·B
1232 961 1416 1060 exemplar
1440 961 1634 1034 clarissimi
1658 962 1728 1035 viri

132 1103 195 1173 W.
218 1098 389 1198 Wright,
412 1096 785 1196 recognoscebamus,
808 1095 1086 1167 admirationem
1115 1094 1283 1167 movebat
1307 1095 1440 1192 prioris
1467 1095 1619 1168 editoris
1643 1095 1729 1168 dili-

133 1233 258 1332 gentia
286 1231 324 1303 in
348 1230 605 1303 constituendo
634 1242 755 1315 textu,
774 1229 869 1301 sicut
893 1229 930 1300 in
954 1227 1193 1301 varietatibus
1225 1228 1461 1327 colligendis,
1478 1229 1569 1301 adeo
1590 1243 1631 1302 ut
1657 1255 1729 1301 non

132 1366 202 1438 nisi
228 1391 345 1463 pauca
373 1363 508 1436 omissa
538 1362 761 1460 deprehendi
786 1362 989 1461 potuerint,
1009 1387 1075 1434 nec
1096 1388 1183 1433 saue
1212 1361 1417 1460 frequentia
1446 1376 1565 1435 errata
1594 1364 1725 1435 notari.

133 1502 179 1573 Ut
198 1511 321 1571 autem
341 1497 462 1570 omnia
481 1510 561 1570 tuta
581 1522 620 1568 se
641 1496 834 1581 haberent,
853 1508 1005 1593 uterque
1026 1495 1140 1566 codex
1159 1508 1334 1593 perpetua
1355 1494 1548 1568 collatione
1564 1496 1730 1595 recogni-

26 1640 27 1671 ³
132 1647 190 1705 tus
214 1644 289 1718 est,
307 1657 351 1703 eo
370 1631 478 1703 modo
498 1643 537 1701 ut
562 1629 758 1727 antiquiori
777 1629 861 1701 B·B
880 1628 971 1700 fides
990 1627 1184 1726 praecipue
1204 1627 1368 1701 adhibita
1391 1628 1518 1716 fuerit,
1536 1656 1618 1701 cum
1643 1628 1730 1702 alte·

134 1765 208 1837 rius
227 1764 263 1837 A
282 1763 515 1836 diversitates
540 1762 586 1835 ad
605 1762 741 1835 calcem
761 1762 1035 1845 adnotareutur,
1059 1761 1168 1832 huius
1187 1774 1309 1834 tamen
1333 1774 1508 1859 usurpato
1533 1762 1729 1861 aliquando

133 1912 250 1984 textu,
274 1897 419 1997 quando
440 1895 580 1969 scilicet
600 1895 712 1967 rimae
732 1895 769 1966 in
789 1893 904 1966 altero
923 1895 1070 1967 luerunt
1089 1894 1306 1992 explendae,
1325 1919 1511 1967 erroresve
1531 1895 1727 1983 eximendi,

132 2032 188 2104 vel
218 2032 329 2104 etiam
358 2055 440 2103 cum
470 2029 579 2102 lectio
608 2028 787 2127 quaedam
815 2027 944 2100 melior
968 2027 1082 2127 priori
1109 2027 1324 2100 sufficienda
1352 2028 1512 2101 iudicata
1538 2043 1606 2102 est.
1626 2033 1728 2126 Quae

25 2152 27 2211 i
134 2165 185 2237 sic
201 2165 390 2236 immutata
414 2176 516 2249 sunt,
535 2163 572 2233 in
592 2162 689 2234 notis
709 2160 837 2234 sedulo
857 2160 1032 2260 inscripta
1056 2161 1213 2259 reperiet
1231 2162 1358 2247 lector,
1377 2187 1459 2234 cum
1480 2162 1592 2235 variis
1612 2163 1730 2261 scrip-

25 2300 26 2313 ’
133 2298 294 2371 tionibus
317 2296 417 2370 tertii
441 2296 579 2369 codicis
598 2295 642 2381 C,
661 2294 707 2367 ad
726 2294 875 2386 ultimae
895 2295 1227 2367 Demonstrationis
1247 2295 1404 2368 initium.

206 2431 322 2531 Signa
348 2455 436 2502 vero
463 2429 645 2502 vocalium
667 2428 784 2502 textui
811 2427 935 2500 addita
961 2440 1047 2500 sunt
1075 2454 1119 2501 ex
1145 2429 1394 2526 grammaticis
1422 2429 1586 2529 legibuS,
1609 2430 1660 2502 ita
1690 2443 1731 2502 ut

134 2578 266 2662 puncta
294 2582 375 2644 tn:-
403 2561 611 2634 uominibus
637 2561 828 2659 utriusque
855 2561 1019 2660 generis,
1042 2561 1244 2659 participiis
1275 2562 1478 2648 femininis,
1500 2563 1619 2636 tertiis
1645 2589 1730 2663 per-

134 2697 232 2769 sonis
255 2696 441 2769 femininis
464 2695 658 2768 verborum
682 2694 790 2767 modo
815 2694 998 2767 constanti
1024 2694 1310 2793 imponerentur,
1332 2695 1486 2768 vitiosae
1511 2696 1730 2794 scriptiones

132 2830 175 2903 ad
198 2855 363 2902 normam
387 2828 636 2928 adigerentur,
660 2841 696 2901 et
720 2830 920 2926 ὀρθογραφίας
946 2827 1039 2899 ratio
1063 2852 1136 2900 una
1161 2827 1430 2914 observaretur,
1454 2829 1505 2902 ita
1529 2841 1569 2902 ut
1592 2830 1729 2903 formae

135 2989 224 3062 quae
244 2961 410 3035 mutabili
438 2962 577 3034 ratione
598 2961 635 3032 iu
655 2960 843 3033 codicibus
869 2960 1088 3033 adhibentur
1107 2961 1153 3032 ad
1173 2960 1379 3059 regularem
1403 2962 1638 3060 scriptionem
1663 2963 1730 3036 ad-

135 3096 363 3170 ducerentur.

204 3229 357 3325 Quoties
375 3227 570 3300 verborum
590 3240 653 3300 aut
672 3227 926 3325 pronominum
942 3226 1129 3299 diacritica
1149 3241 1283 3324 puncta
1300 3226 1337 3299 in
1354 3227 1542 3300 codicibus
1557 3254 1731 3327 expressa

134 3388 202 3436 nou
222 3362 369 3435 luerunt
388 3360 510 3460 qualia
534 3360 571 3432 iu
594 3359 774 3433 vocalium
799 3358 1028 3458 appositione
1053 3359 1123 3458 ipsi
1148 3359 1439 3445 observavimus,
1462 3361 1499 3433 id
1517 3362 1640 3434 variae
1660 3362 1731 3435 lec·

134 3496 249 3568 tiones
270 3494 486 3581 monebunt,
503 3507 544 3566 ut
566 3494 637 3566 iam
659 3493 828 3592 superius
849 3493 1020 3566 diximus.

204 3628 453 3727 luterpunctio
473 3653 516 3699 ea
537 3627 678 3700 ratione
699 3627 867 3698 instituta
887 3639 961 3714 est,
984 3639 1024 3698 ut
1045 3626 1247 3699 sententiae
1267 3627 1375 3699 unico
1395 3642 1548 3725 puncto,
1571 3629 1731 3701 minores

135 3761 388 3834 distinctiones
413 3760 556 3832 duobus
581 3759 726 3858 punctis
754 3758 1021 3845 clauderentur,
1044 3760 1216 3858 periodus
1243 3785 1330 3832 vero
1354 3761 1474 3832 finalis
1501 3761 1730 3860 quadruplici

107 3910 112 3919 '
136 3908 267 3993 puncto
292 3893 560 3977 absolveretur;
584 3918 701 3992 neque
726 3892 889 3990 ipsorum
918 3891 1083 3964 codicum
1108 3893 1386 3992 dispositionem
1408 3894 1531 3967 variae
1555 3895 1730 3968 lectiones

136 4027 372 4113 revocabunt,
394 4026 466 4098 nisi
487 4052 568 4098 cum
589 4052 722 4098 sensus
743 4026 916 4099 acciderit
936 4026 1154 4099 immutatio,

206 4164 246 4233 ln
270 4159 474 4232 sectionum
494 4159 750 4256 inscriptione,
773 4183 945 4232 numeros
965 4184 1135 4231 romanae
1155 4159 1327 4233 editionis
1347 4162 1593 4249 armeniacae,
1615 4175 1656 4235 ut
1674 4163 1731 4235 fa·

137 4293 248 4366 cultas
267 4293 351 4380 fuit,
373 4293 532 4377 servavi;
554 4306 804 4365 verumtamen
828 4292 976 4364 eosdem
1001 4291 1098 4365 haud
1122 4292 1189 4365 rite
1215 4294 1421 4392 appositos,
1444 4294 1494 4367 ita
1518 4309 1557 4369 ut
1581 4310 1732 4368 senten·

136 4426 220 4499 tiam
238 4426 509 4525 aliquandoque
529 4425 852 4512 interscindereut,
874 4438 936 4497 aut
960 4439 1165 4522 protractos
1189 4427 1359 4514 nimium,
1381 4454 1491 4527 saepe
1516 4430 1637 4503 decuit
1662 4431 1732 4502 im-

138 4574 285 4633 mutare.

205 4692 363 4766 Lexicon
381 4718 511 4765 vocum
532 4693 693 4764 omnium
715 4718 808 4791 quae
828 4692 866 4764 in
885 4706 988 4766 textu
1009 4692 1153 4792 syriaco
1177 4693 1410 4767 inveniuntur
1430 4695 1562 4769 scriem
1582 4697 1729 4783 efficiet,

139 4827 333 4900 secundum
353 4825 521 4926 singulas
541 4825 683 4898 radices
704 4824 741 4897 in
760 4827 839 4897 suis
860 4825 1198 4926 grammaticalibus
1217 4826 1344 4899 formis
1363 4827 1593 4926 dispositam.

207 4964 340 5034 Postea
364 4960 474 5031 index
496 4959 650 5046 latinus,
669 4972 844 5058 quantum
869 4960 946 5032 freri
972 4959 1091 5057 potuit
1111 4960 1282 5058 copiosus
1302 4974 1339 5033 et
1358 4976 1568 5051 accuratus,
1589 4965 1732 5062 praeci·

140 5117 225 5189 puas
244 5119 303 5166 res
323 5093 541 5191 nominaque
561 5092 709 5191 propria
727 5118 819 5190 quae
841 5093 876 5165 in
897 5092 990 5165 libro
1010 5092 1243 5166 continentur
1261 5092 1460 5167 exhibebit.

209 5229 374 5325 lnsuper,
401 5225 566 5324 exempla
585 5251 604 5297 a
626 5226 814 5324 Scriptura
835 5227 997 5329 allegata
1015 5240 1078 5300 aut
1098 5227 1323 5326 significata,
1343 5227 1388 5300 ad
1408 5253 1594 5301 sacrorum
1619 5230 1732 5302 libro-

142 5384 214 5430 rum
238 5360 402 5432 ordinem
428 5372 465 5432 et
487 5385 659 5432 numeros
686 5360 877 5459 utriusque
900 5361 1051 5433 canonis
1072 5360 1205 5459 syriaci
1228 5374 1265 5433 et
1288 5360 1391 5433 latini
1412 5362 1592 5460 disposita
1610 5365 1731 5437 tradet

144 5491 299 5588 syllabus
317 5491 450 5565 finalis.

211 5625 373 5724 Denique
392 5651 437 5699 ne
457 5626 545 5725 quid
564 5627 693 5699 deesse
707 5628 907 5715 videretur,
921 5628 1061 5700 numeri
1077 5628 1295 5728 paginarum
1313 5628 1486 5702 editionis
1500 5634 1566 5705 W.
1578 5630 1732 5731 Wright

147 5778 221 5829 curn
245 5759 404 5831 numeris
429 5760 600 5833 editionis
620 5775 765 5833 nostrae
790 5762 828 5833 in
847 5761 972 5835 tabula
991 5763 1037 5834 ad
1056 5762 1178 5860 operis
1199 5761 1334 5835 calcem
1356 5764 1463 5836 simul
1484 5765 1729 5838 conferentur.
