4120 6456
654 546 658 555 .
685 483 930 548 APHRAATlS
952 483 1185 550 DOCTRlNA.
1672 510 1733 550 xcv

129 682 164 748 τὸ
181 671 234 747 διὰ
251 687 410 773 τεσσάρων
434 680 630 772 εὐαγγέλιον,
653 697 758 746 seu«
781 672 934 745 mixtum
956 700 994 759 n,
1016 686 1057 746 ut
1075 685 1208 746 vocant
1232 673 1314 772 Syri
1335 695 1451 776 tant-23
1468 693 1613 781 χῃσι,
1635 676 1733 749 rese·

130 809 263 882 rendae
283 821 383 881 sunt.
405 806 549 881 'lationi
578 806 675 880 enim
702 805 901 879 Harmonia
927 806 1061 879 saeculo
1088 807 1216 905 quinto
1241 807 1430 881 Orientem
1456 821 1729 909 peragraverat,

130 941 300 1041 claroque
329 940 426 1039 apud
451 944 566 1039 Syros
597 963 742 1012 rumore
767 951 862 1024 erat,
887 938 949 1037 qui
969 938 1049 1038 ipsa
1075 938 1274 1012 utebantur
1294 941 1535 1014 communiter
1558 954 1732 1041 tanquam

130 1073 402 1174 compendiario
432 1072 526 1145 libro
559 1098 626 1171 pro
659 1084 815 1171 quatuor
847 1072 1059 1172 Evangeliis
1095 1103 1112 1139 ι
1145 1073 1327 1173 separatis·
1356 1100 1374 1144 n
1406 1095 1499 1175 ins-3
1520 1091 1649 1179 ,angat
1673 1075 1732 1149 Ab

130 1207 330 1306 Aphraate,
347 1205 445 1279 utab
462 1205 702 1305 Ephraemo¹,
720 1203 820 1277 illam
840 1205 964 1278 tritam
977 1230 1078 1291 esse,
1092 1204 1129 1278 id
1140 1206 1221 1304 ipso
1232 1231 1426 1304 operenon
1442 1207 1555 1280 semel
1565 1207 1733 1306 proditur

130 1365 213 1413 cum
227 1339 400 1414 videlicet
414 1339 573 1440 legimus
588 1337 627 1410 in
641 1338 963 1411 Demonstratione
978 1365 1005 1423 1,
1027 1339 1071 1410 10
1088 1365 1096 1409 ε
1117 1366 1135 1409 ι
1154 1338 1257 1412 Sicut
1276 1338 1453 1438 scriptum
1473 1353 1529 1413 est
1552 1339 1590 1413 in
1613 1340 1732 1440 capite

132 1471 325 1573 Evangelii
345 1470 592 1546 Vivificatoris
613 1469 730 1544 nostri
753 1497 760 1541 :
783 1474 825 1543 In
845 1473 1018 1565 principio
1036 1484 1112 1545 erat
1133 1475 1273 1544 Verbum
1295 1499 1334 1557 a,
1356 1471 1414 1544 his
1438 1497 1563 1545 revera
1585 1473 1732 1548 Diates·

131 1630 240 1679 saron
260 1604 419 1691 orditur;
434 1628 517 1677 cum
533 1602 643 1676 etiam
663 1601 828 1676 ordinem
848 1627 970 1675 rerum
989 1615 1179 1702 gestarum
1197 1603 1234 1674 in
1251 1628 1342 1677 cena
1359 1603 1505 1677 Domini
1522 1605 1633 1677 tradit
1650 1607 1733 1697 (De-

130 1749 284 1811 monstr.
301 1765 360 1822 xx,
376 1740 425 1832 5),
441 1750 504 1809 aut
517 1760 665 1809 versum
681 1739 799 1808 Lucae
815 1762 865 1822 vr,
881 1736 927 1808 37
944 1735 1124 1835 disiungit
1138 1761 1160 1809 a
1174 1760 1283 1809 versu
1299 1738 1345 1809 35
1361 1739 1584 1829 (Demonstr.
1598 1765 1640 1823 11,
1659 1739 1729 1833 lb),

130 1871 215 1970 quia
230 1871 352 1968 reipsa
367 1870 405 1942 in
421 1869 633 1942 Diatessaro
649 1880 878 1966 separantur,
896 1867 977 1941 loca
991 1881 1114 1941 autem
1128 1869 1257 1941 Matth.
1275 1895 1378 1955 xvui,
1394 1869 1438 1940 21
1457 1882 1492 1943 et
1507 1873 1591 1945 Luc.
1607 1898 1695 1957 xvii,
1708 1874 1733 1944 4

130 2003 555 2095 continuat(Demonstr.
575 2029 616 2088 11,
637 2002 699 2084 12,
722 2002 792 2096 13),
810 2026 903 2100 quae
919 2013 956 2074 et
974 2001 1012 2073 in
1032 2001 1244 2076 Diatessaro
1263 2002 1478 2089 cohaerent;
1495 2002 1630 2078 ibidem
1649 2030 1732 2077 cum

130 2136 280 2209 adducit
296 2139 383 2208 Luc.
405 2161 460 2221 xi,
479 2135 539 2222 37,
558 2133 685 2209 addit:
704 2136 830 2208 Solvite
848 2146 880 2206 et
897 2137 1026 2207 solvent
1043 2159 1101 2207 vos
1120 2138 1342 2227 (Demonstr.
1360 2161 1405 2217 ιι,
1430 2135 1503 2230 lb),
1523 2137 1620 2235 quod
1640 2150 1676 2210 et
1695 2136 1733 2209 in

130 2268 329 2368 exemplari
339 2266 487 2341 arabico
500 2267 644 2342 Tatiani
660 2266 810 2367 legitur.
827 2266 970 2341 illludit
987 2267 1328 2361 etiam(Demonstr.
1347 2295 1387 2353 ιι,
1406 2268 1465 2361 20)
1481 2269 1526 2341 ad
1547 2269 1677 2342 Matth.
1690 2296 1729 2357 x,

131 2404 177 2474 35
196 2405 298 2494 (Luc.
320 2428 391 2486 xu,
414 2403 473 2496 51)
495 2428 503 2472 :
525 2406 600 2474 Non
618 2403 697 2474 oeni
715 2404 846 2473 mittere
858 2425 994 2496 pacem,
1013 2404 1072 2474 sed
1090 2399 1307 2474 divisionem
1327 2399 1485 2505 „twa
1502 2400 1565 2473 uhi
1585 2402 1733 2476 Peshita

132 2557 190 2613 tat·
205 2537 379 2628 andium.
397 2535 447 2607 At
466 2533 595 2607 maiori
614 2545 833 2633 argumento
852 2546 910 2606 est
927 2532 1060 2620 series,
1079 2558 1098 2606 e
1118 2533 1285 2632 pluribus
1312 2533 1595 2635 Evangeliorum
1621 2535 1730 2624 locis,

131 2666 199 2741 sub
223 2667 295 2740 fine
320 2666 654 2740 Demonstrationis
681 2692 726 2752 11,
759 2665 886 2754 1930,
914 2690 1124 2739 sermonum
1150 2690 1193 2739 ac
1216 2666 1475 2739 miraculorum
1499 2667 1664 2755 Domini,
1686 2668 1732 2741 ab

131 2799 316 2899 Aphraete
336 2798 532 2897 disposita,
557 2797 638 2896 ipso
657 2797 785 2871 ordine
805 2823 878 2896 quo
898 2798 936 2869 in
956 2797 1154 2871 Harmonia
1176 2798 1320 2872 'fatiani
1344 2798 1490 2898 digesta
1515 2813 1617 2886 sunt,
1636 2800 1734 2900 quod

1 2957 2 2968 ¹
131 2958 175 3005 ex
194 2931 377 3005 indicibus
396 2930 465 3004 sub
484 2943 586 3005 textu
606 2929 732 3004 relatis
751 2931 880 3004 lectori
899 2930 1021 3030 palam
1037 2931 1111 3004 flet.

205 3065 279 3139 Sed
306 3076 343 3138 et
373 3063 574 3164 Evangelia
600 3063 773 3137 distincta
800 3062 944 3137 videtur
970 3063 1175 3162 Aphraates
1201 3064 1385 3138 interdum
1411 3090 1628 3164 usurpasse,
1650 3092 1734 3139 cum

130 3197 365 3299 evangelicos
396 3209 565 3270 auctores
597 3196 812 3270 nominatim
842 3209 949 3271 vocat
980 3198 1463 3292 (Demonstr.v1,12),aut
1494 3200 1618 3272 forsan
1650 3225 1733 3273 oum

133 3329 372 3431 genealogias
405 3329 570 3415 Domini,
593 3354 686 3428 quae
715 3354 736 3402 a
764 3330 919 3403 Tatiano
951 3328 1233 3428 praetermissae
1265 3331 1445 3418 feruntur,
1467 3331 1616 3404 adducit
1646 3335 1734 3424 (De-

133 3476 286 3537 monstr.
307 3490 415 3548 xxu1,
437 3463 511 3557 al).

206 3599 363 3695 Quoquo
389 3595 498 3668 modo
528 3620 567 3669 se
592 3620 651 3669 res
675 3594 804 3681 habet,
823 3594 861 3667 in
883 3594 1039 3667 citandis
1063 3595 1155 3669 locis
1181 3596 1274 3669 Novi
1297 3596 1523 3670 Testamenti
1544 3623 1566 3670 a
1586 3597 1734 3672 Peshita
1861 3699 1863 3703 Ι

133 3754 205 3802 ιιοιι
225 3728 339 3802 semel
359 3727 533 3813 dissidet,
549 3741 591 3800 ut
608 3727 724 3801 textui
745 3727 1036 3826 fragmentorum
1055 3728 1390 3802 vetustissimorum
1411 3754 1520 3827 saepe
1540 3728 1734 3803 conveniat

132 3888 153 3935 a
170 3865 236 3937 W.
259 3864 420 3936 Cureton
439 3860 638 3945 editorum,
658 3885 751 3958 quae
771 3858 818 3932 ed
838 3871 981 3932 sextum
999 3859 1143 3933 circiter
1163 3860 1349 3934 saeculum
1369 3861 1613 3934 referuntur².
1635 3866 1733 3936 llaec

132 4021 240 4093 porro
260 3994 402 4093 syriace
419 4006 580 4067 veterem
597 3992 880 4092 Evangeliorum
896 4004 1036 4066 textum
1055 3992 1248 4091 praebent,
1267 3993 1312 4067 de
1328 3993 1432 4067 cuius
1452 4007 1571 4068 aetate
1587 4008 1623 4068 et
1642 4022 1732 4069 con-

132 4127 275 4201 dicione
288 4127 385 4201 docti
399 4127 606 4214 decertant;
623 4125 660 4199 id
676 4150 764 4198 vero
784 4125 940 4198 maxime
960 4125 1120 4223 speciem
1139 4125 1305 4200 veritatis
1326 4125 1437 4201 hahet
1461 4127 1498 4199 in
1515 4128 1733 4229 fragmentis

133 4259 389 4334 Curetonianis
414 4259 622 4333 versionem
653 4257 833 4332 contineri
861 4258 899 4330 in
934 4257 1145 4331 universum
1171 4259 1350 4332 hodierna
1374 4260 1523 4334 Peshita
1553 4262 1732 4361 antiquio·

132 4418 226 4480 rem,
256 4392 355 4492 quod
385 4391 506 4465 minus
531 4392 724 4466 emendata
751 4404 921 4490 apparet,
946 4403 982 4464 et
1012 4416 1189 4491 agraeca
1219 4393 1377 4466 lectione
1408 4393 1529 4494 magis
1560 4394 1729 4469 discedit.

131 4525 350 4600 Versionem
365 4539 487 4599 autem
505 4525 639 4625 ipsam,
656 4524 924 4599 Curetoniauee
943 4524 1100 4598 maxime
1115 4524 1279 4613 affinem,
1298 4552 1370 4625 qua
1387 4525 1558 4600 utebatur
1570 4527 1733 4626 Aphraa·

131 4673 205 4745 tes,
229 4662 296 4734 W.
319 4657 474 4759 Wright
502 4658 643 4756 antiqui
668 4670 790 4732 textus
818 4657 1101 4757 Evangeliorum
1129 4658 1266 4731 saeculi
1302 4659 1454 4733 secundi
1480 4662 1731 4735 recensionem

132 4790 371 4892 probabiliter
387 4815 470 4865 esse
489 4791 674 4865 existimat
685 4794 712 4863 ³.

204 4923 459 5024 Allegationas
475 4923 710 5025 evangelicae
725 4925 762 4997 in
778 4924 975 5025 aphraatis
994 4922 1087 4997 libro
1108 4924 1392 4999 Curetonianum
1406 4938 1546 5001 textum
1561 4927 1732 5025 frequen·

192 5119 201 5157 ⁴
219 5117 294 5182 Vid.
308 5117 438 5197 Ciasca,
459 5117 594 5181 Tatiani
605 5118 860 5204 Evangelioram
875 5120 1071 5180 barmoniae
1085 5119 1234 5198 arabice,
1246 5140 1334 5181 nunc
1342 5122 1491 5204 primam
1506 5142 1524 5182 e
1538 5120 1665 5205 draplici
1680 5145 1730 5185 ao·

132 5225 202 5288 dice
216 5224 320 5288 edidit
332 5237 365 5287 et
378 5226 596 5289 translatione
610 5226 716 5289 latina
731 5225 872 5302 donavit,
888 5225 1024 5306 Romae,
1041 5228 1133 5299 18883
1149 5224 1326 5309 Mbsinger,
1341 5226 1515 5311 Evangelii
1527 5229 1731 5294 concordan-

133 5335 172 5395 tis
186 5334 347 5416 expositio
362 5336 458 5414 sacta
471 5355 494 5395 a
507 5345 622 5396 sancto
637 5332 841 5416 Ephraemo,
859 5332 992 5396 doctore
1006 5331 1107 5413 Syro,
1125 5331 1282 5410 Venetiis,
1302 5337 1389 5398 1878.

190 5438 371 5516 ²Cur-etan,
387 5438 545 5503 Bembina
559 5443 629 5523 afa
650 5460 727 5520 very
745 5442 878 5502 ancient
892 5441 1062 5502 recanaian
1082 5441 1125 5519 os
1137 5440 1189 5501 tbe
1205 5443 1287 5521 saar
1303 5438 1455 5524 Germia,
1474 5440 1620 5519 London,
1641 5448 1728 5508 1858.

190 5543 273 5611 ⁸W·
290 5543 439 5629 Wriglrt,
456 5554 517 5609 art.
534 5545 653 5627 Syriae
672 5547 844 5608 literature
868 5545 1148 5629 (Encyclapaedia
1169 5546 1371 5627 britannica,
1388 5546 1451 5611 vol.
1469 5548 1575 5625 XXll,
1597 5573 1629 5635 p.
1646 5553 1729 5636 825).

132 5686 170 5697 -
188 5651 238 5715 Cf.
260 5650 305 5713 Le
320 5649 393 5728 llir,
414 5637 540 5715 Etndea
560 5652 732 5736 bibliqaes,
750 5651 857 5729 Paris,
878 5657 964 5728 1869,
981 5660 1005 5714 t.
1024 5650 1049 5733 l,
1065 5674 1097 5736 p.
1118 5655 1177 5714 297
1194 5673 1284 5737 seqq.
1303 5653 1376 5718 vid.
1393 5663 1425 5717 et
1441 5654 1554 5735 Sasse,
1571 5657 1731 5744 Prolego-

133 5777 237 5838 mena,
254 5779 288 5843 p.
305 5761 357 5821 36.
