4120 6456
684 508 928 574 APHRAATIS
950 510 1184 575 DOCTRINA.
1677 533 1740 574 tvu

138 698 227 770 alios
253 700 429 796 Syrorum
451 729 468 763 a
490 697 746 796 reprehendit,
769 697 831 797 qui
860 698 951 771 duas
978 698 1119 771 animas
1145 724 1228 771 esse
1254 698 1416 784 dicunt',
1439 698 1598 771 auctoris
1625 700 1739 773 nostri

138 843 294 903 mentem
314 832 408 904 male
429 830 620 904 intellexit.

183 965 232 1036 At
256 964 377 1063 magis
401 989 421 1036 a
443 963 597 1037 veritate
622 964 769 1037 dellexit
792 964 1017 1064 aphraatae,
1045 991 1127 1038 cum
1152 965 1261 1037 aliam
1285 965 1505 1038 sententiam
1531 965 1575 1038 de
1596 966 1739 1064 hypno-

136 1096 288 1195 psychia
316 1097 523 1196 proposuit,
550 1096 764 1191 existimans
792 1097 951 1170 hominis
971 1099 1105 1172 mortui
1124 1098 1300 1184 animam,
1327 1123 1409 1171 cum
1435 1123 1586 1196 corpore
1614 1100 1739 1197 sepul-

136 1241 209 1301 tam
233 1229 405 1302 sensibus
438 1229 589 1329 privari,
617 1244 653 1302 et
682 1256 807 1303 eorum
838 1257 927 1318 usu,
958 1245 1133 1329 tanquam
1162 1257 1291 1304 somno
1322 1244 1544 1330 correptam,
1572 1231 1738 1331 impediri

135 1365 357 1453 (Demonstr.
385 1390 439 1445 rr,
474 1364 532 1449 143
560 1390 643 1449 vni,
669 1365 730 1450 18,
752 1390 844 1450 xru,
872 1365 918 1458 11).
948 1366 1121 1437 Attamen
1147 1365 1350 1436 animarum
1379 1364 1631 1438 condicionem
1655 1378 1738 1463 post

134 1508 288 1567 mortem
307 1495 477 1568 dissimili
497 1497 636 1569 ratione
657 1497 823 1595 exponit,
841 1510 950 1596 prout
969 1497 1013 1569 de
1033 1497 1141 1570 iustis
1161 1510 1223 1570 aut
1243 1498 1287 1570 de
1307 1497 1429 1596 impiis
1448 1497 1635 1596 quaeritur
1653 1501 1736 1591 (De-

134 1642 288 1700 monstr.
306 1655 391 1714 mn,
410 1630 479 1724 19).
497 1632 569 1702 Eas
584 1628 769 1702 doctrinas
789 1629 996 1703 Nestoriani
1011 1630 1098 1702 olim
1113 1641 1309 1703 tenuerunt
1324 1643 1433 1729 atque
1445 1630 1481 1702 in
1495 1630 1646 1729 synodis
1657 1657 1737 1730 pro-

134 1759 328 1845 baverunt,
345 1774 381 1834 et
393 1762 516 1835 forsan
526 1762 644 1834 adhuc
660 1763 855 1836 retinent².
873 1766 1005 1836 Noster
1016 1789 1121 1845 vero,
1144 1763 1229 1835 licet
1250 1788 1313 1836 eos
1333 1764 1395 1863 qui
1415 1788 1481 1836 sua
1500 1776 1618 1836 aetate
1639 1778 1736 1838 recte

135 1894 342 1967 sentiebant
376 1894 543 1967 videatur
575 1920 730 1994 arguere
758 1898 978 1988 (Demonstr.
1009 1923 1093 1980 vni,
1115 1897 1168 1991 3),
1191 1896 1327 1968 nullam
1354 1921 1397 1969 eo
1423 1909 1587 1996 tempore
1613 1910 1737 1971 notam

134 2027 330 2101 haereseos
350 2027 576 2111 incurrebat,
595 2053 677 2101 cum
693 2028 750 2101 his
770 2028 815 2102 de
836 2029 945 2102 rebus
965 2028 1214 2102 definitionem
1235 2029 1399 2102 Ecclesia
1418 2055 1491 2101 non
1510 2030 1734 2107 tradidisset.

205 2279 259 2349 De
276 2277 543 2349 resurrectione
566 2277 687 2349 carnis
709 2276 852 2350 duobus
871 2276 1087 2350 tractatibus
1112 2277 1285 2350 disseruit
1304 2278 1528 2375 aphraates,
1547 2291 1583 2351 et
1601 2277 1736 2379 dogma

133 2409 271 2506 profert
293 2409 421 2482 solidis
447 2410 674 2509 argumentis
698 2410 874 2483 adversus
892 2410 1172 2484 Valentinianos
1192 2410 1471 2484 resurrectionis
1494 2425 1730 2485 mortuorum.

133 2542 217 2615 Vid.
235 2544 445 2615 Demonstr.
470 2570 534 2614 rur
555 2555 592 2615 et
605 2570 694 2614 xxn.

205 2675 397 2748 Praedicto
417 2688 538 2748 autem
559 2701 681 2748 errore
701 2676 746 2749 de
766 2676 1045 2776 hypnopsychia
1061 2690 1250 2775 suscepto,
1268 2676 1380 2749 alium
1401 2676 1563 2776 nequivit
1575 2678 1736 2776 Aphraa·

132 2820 189 2879 tes
206 2809 341 2892 vitare,
359 2807 533 2881 iudicium
553 2834 683 2907 nempe
704 2821 740 2882 ct
756 2808 1032 2882 retributionem
1052 2810 1098 2882 od
1117 2810 1226 2883 finem
1250 2835 1366 2909 usque
1388 2823 1423 2883 et
1444 2822 1528 2910 post
1550 2837 1737 2885 resurrec-

1 3009 2 3038 ,
131 2940 268 3014 tionem
288 2940 425 3013 differri
445 2945 667 3033 (Demonstr.
690 2969 773 3025 vni,
796 2942 868 3035 22).
893 2941 993 3015 Idem
1019 2942 1198 3028 sentiunt,
1217 2955 1390 3042 tanquam
1419 2969 1506 3017 suae
1533 2944 1577 3017 de
1604 2944 1735 3017 animis

132 3073 322 3147 doctrinae
342 3101 386 3147 ex
410 3075 629 3148 necessitate
651 3075 903 3163 coniunctum,
928 3075 1095 3149 hodierni
1116 3076 1336 3149 Nestoriani.
1365 3077 1437 3149 Sed
1468 3089 1523 3149 est
1553 3078 1735 3151 sententia

132 3206 296 3280 iudaicae
316 3207 508 3307 originis³.
528 3208 637 3307 Apud
654 3233 722 3280 nos
738 3211 923 3294 Irenaeus,
940 3209 1217 3307 responsionem
1231 3221 1357 3282 contra
1371 3210 1565 3283 Gnosticos
1582 3211 1733 3283 nimium

1 3327 2 3392 ἶ
131 3364 289 3438 urgens,
312 3339 479 3414 similiter
498 3340 686 3414 contendit
701 3340 842 3414 animas
862 3354 1071 3415 sanctorum
1092 3354 1175 3415 ante
1192 3343 1494 3416 resurrectionem
1508 3342 1734 3416 beatitudine

133 3497 207 3544 non
225 3472 363 3572 perfrui
374 3476 401 3544 ⁴.

205 3607 300 3678 Dein
331 3607 496 3680 enuntiat
523 3606 730 3703 Aphraates
760 3621 954 3706 postquam
984 3611 1061 3680 llex
1086 3621 1236 3706 accepto
1263 3633 1379 3707 regno
1409 3632 1577 3681 reversus
1606 3609 1731 3693 luerit,

132 3738 298 3811 homines
318 3764 440 3811 coram
467 3739 642 3812 tribunali
671 3739 909 3814 constitutum
929 3740 990 3828 iri,
1010 3740 1154 3813 diversa
1182 3753 1305 3814 tamen
1332 3741 1489 3827 ratione;
1512 3740 1609 3814 unde
1639 3741 1735 3814 inac-

131 3884 255 3945 curate
275 3872 420 3944 locutus
442 3885 516 3957 est,
539 3884 705 3946 statuens
729 3898 795 3946 nec
821 3874 938 3947 iustos
958 3874 1004 3946 ad
1025 3874 1216 3960 iudicium,
1239 3899 1357 3974 neque
1382 3874 1513 3973 impios
1541 3906 1558 3940 «
1582 3874 1643 3974 qui
1662 3874 1734 3947 iam

130 4003 282 4077 iudicati
317 4018 401 4079 sunt
433 4033 472 4092 r,
499 4006 565 4079 sed
598 4032 662 4080 eos
692 4018 834 4080 tantum
868 4007 929 4106 qui
967 4020 1178 4105 peccatores
1210 4020 1399 4093 vocantur,
1429 4008 1619 4080 adfuturos
1647 4011 1734 4102 (De-

129 4152 282 4210 monstr.
299 4165 391 4224 xxu,
414 4140 550 4231 15-18).
568 4140 617 4212 At
636 4139 722 4212 alibi
742 4140 878 4213 rectius
898 4141 1005 4214 docet
1023 4167 1151 4214 omnes
1170 4155 1254 4214 ante
1274 4140 1435 4213 tribunal
1461 4141 1597 4215 Christi
1621 4167 1732 4241 opor-

125 4283 204 4344 tere
219 4272 446 4345 manilestari
463 4276 681 4368 (Demonstr.
702 4301 781 4361 viu,
800 4274 873 4368 20).
892 4275 1141 4347 Praemiorum
1160 4275 1270 4371 etiam
1290 4274 1563 4348 distinctionem
1579 4276 1730 4376 egregie

751 4377 756 4387 c

126 4404 311 4503 significat
339 4409 561 4495 (Demonstr.
589 4434 681 4489 xxu,
711 4408 766 4499 19)
794 4421 1036 4506 aeternaeque
1068 4408 1229 4481 omnium
1260 4408 1370 4481 sortis
1399 4407 1730 4482 immutabilitatem

128 4540 349 4627 (Demonstr.
373 4565 436 4625 xx,
464 4539 533 4634 12).
552 4543 687 4612 Locum
712 4540 859 4637 quidem
882 4541 1052 4640 ignorare
1072 4566 1112 4614 se
1134 4541 1266 4614 latetur
1293 4544 1516 4633 (Demonstr.
1534 4567 1627 4625 xxm,
1650 4542 1727 4633 21);

127 4682 289 4743 attamen
329 4671 436 4744 iustis
473 4671 648 4745 adscribit
685 4686 858 4772 tanquam
895 4674 1104 4771 paradisum
1142 4686 1353 4747 terrestrem
1386 4677 1608 4767 (Demonstr.
1633 4700 1726 4777 narr,

191 4919 198 4956 ¹
215 4917 312 4981 Patr.
329 4918 416 4995 Lat,
432 4928 456 4981 t.
473 4919 589 4995 LVIII,
607 4941 634 4983 c.
652 4924 721 4983 981.

187 5026 200 5063 ²
220 5025 405 5102 assemani,
426 5025 513 5089 Bibl.
531 5030 659 5102 orient,
676 5037 700 5089 t.
718 5026 778 5103 lll,
796 5036 878 5111 part.
895 5034 928 5105 2,
946 5050 978 5112 p.
997 5051 1132 5092 cccxmr.
1150 5028 1334 5092 (11161011.
1353 5027 1411 5103 Ill,
1428 5035 1511 5111 part.
1530 5032 1562 5102 1,
1579 5049 1634 5111 pp.
1655 5031 1725 5101 101,

125 5136 198 5206 281,
210 5136 279 5205 322,
292 5137 366 5203 323,
379 5136 452 5208 529,
465 5136 538 5209 138;
551 5133 690 5218 Badger,
711 5134 775 5197 The
789 5134 985 5201 Nestor-iana
1000 5136 1070 5197 and
1084 5135 1168 5198 their
1182 5138 1310 5213 rituale,
1324 5144 1347 5197 t.
1360 5133 1405 5209 ΙΙ,
1417 5155 1449 5217 p.
1462 5138 1535 5209 3023
1551 5133 1591 5197 O.
1604 5134 1725 5210 Braun,

125 5239 279 5323 Boiorige
299 5262 362 5301 zur·
379 5238 567 5303 Gesclrichte
585 5240 646 5303 der
661 5239 891 5326 Eschutologr'e
910 5245 943 5305 r'n
964 5243 1026 5305 den
1045 5243 1215 5324 cyrischen
1231 5242 1375 5306 Kr'rclten
1395 5241 1588 5324 (Zeitschrilt
1606 5241 1657 5304 fur
1675 5242 1727 5305 ka·

124 5345 285 5409 tholische
300 5346 492 5431 Theologie‚
509 5346 704 5423 lnnsbruck,
723 5351 827 5431 1892),
844 5370 875 5432 p.
893 5354 951 5412 273
965 5370 1055 5433 seqq.
1069 5349 1143 5413 Vid.
1161 5371 1247 5433 spec.
1265 5371 1318 5433 pp.
1335 5353 1395 5412 216
1410 5370 1500 5432 seqq.

187 5452 286 5516 ³Vid.
304 5452 445 5529 Kimchi‚
470 5454 732 5517 Commentarius
746 5458 778 5516 r‘n
793 5456 851 5519 Pa.
867 5478 933 5531 ων,
950 5460 990 5518 29
1010 5456 1128 5538 (110611
1143 5456 1254 5520 David
1266 5456 1399 5519 Kr'mchi
1415 5459 1448 5518 ia
1465 5458 1613 5539 psalnzos
1635 5456 1726 5520 Com·

123 5563 294 5639 montorii,
311 5582 353 5623 cr
367 5562 508 5625 hebraeo
522 5565 557 5624 r'n
572 5564 711 5624 laertium
727 5562 883 5625 redditio
896 5563 939 5627 D.
956 5565 1131 5627 Ambrosio
1145 5564 1291 5639 1000100,
1309 5564 1458 5639 Parisiis5
1479 5568 1571 5640 1666,
1589 5586 1620 5648 p.
1638 5568 1723 5647 169).

124 5666 176 5729 cl.
194 5665 237 5731 IV
251 5666 346 5730 Esdr.
364 5691 410 5743 ιν,
427 5672 466 5731 35
481 5689 583 5753 seqq,
601 5677 632 5731 et
642 5668 713 5731 vide
730 5668 773 5732 Le
790 5670 857 5748 Hir,
875 5655 1003 5735 E'tudes
1019 5673 1186 5755 bibliqucs,
1204 5681 1227 5735 t.
1245 5673 1269 5749 1,
1285 5695 1317 5757 p.
1332 5677 1401 5735 223.

188 5772 199 5811 ⁸
215 5773 309 5837 Patr.
329 5774 400 5851 Gr„
418 5783 441 5837 t.
459 5775 533 5852 Vll,
549 5796 577 5839 c.
598 5781 684 5840 1209.
