4120 6456
704 495 948 559 APHRAhTtS
971 494 1125 558 OPERA.
1636 517 1717 556 xxnr

117 683 301 757 nonnullis
322 684 534 757 eorumdem
553 683 644 756 locis
664 683 804 756 discere
824 683 939 777 licet),
961 696 1001 755 ut
1025 671 1142 755 amico
1168 683 1395 755 satisfaceret
1415 683 1460 756 de
1480 682 1551 755 lide
1574 694 1610 755 et
1629 708 1719 781 ope-

117 816 308 890 ribustide
329 815 516 915 requisitis
535 816 791 915 interroganti.
811 815 1012 914 Epistolam
1031 841 1139 914 quam
1159 816 1228 888 iste
1248 815 1423 913 Aphraati
1448 816 1598 889 miserat
1618 841 1719 887 ama-

118 974 276 1022 nuenses
295 950 363 1022 toti
386 949 745 1022 Demonstrationum
765 974 928 1022 summae
947 949 1274 1049 praescripserunt.
1295 952 1347 1020 Ex
1367 949 1435 1022 hac
1459 962 1581 1022 autem
1604 950 1719 1021 sumi-

118 1095 176 1155 tur
195 1096 454 1181 argumentum
475 1107 548 1154 non
567 1082 934 1179 praetermittendum
954 1082 999 1155 de
1019 1081 1194 1154 scientiae
1215 1094 1251 1154 et
1271 1081 1458 1155 doctrinae
1478 1082 1585 1154 laude
1610 1107 1719 1180 quarn

120 1215 274 1313 Sapiens
294 1219 407 1288 Persa
426 1215 499 1287 iarn
518 1227 597 1287 erat
617 1229 854 1299 consecutus,
871 1228 912 1287 ut
931 1215 1070 1314 legenti
1091 1213 1242 1312 patebit.

191 1352 295 1421 quta
305 1348 583 1421 translationem
594 1347 838 1421 armeniacum
851 1374 1002 1447 operum
1012 1348 1222 1446 Aphraatis‚
1237 1347 1305 1420 sub
1320 1349 1479 1436 nomine,
1490 1361 1531 1421 ut
1545 1348 1716 1436 diximus,

118 1481 235 1554 sancti
252 1480 373 1554 lacobi
395 1480 559 1553 Nisibeni
575 1481 817 1579 propositam,
837 1480 1000 1577 Epistola
1014 1481 1104 1554 haec
1125 1482 1404 1582 interrogatoris
1424 1481 1470 1554 ad
1486 1486 1527 1554 B.
1547 1481 1719 1554 Iacobum

118 1626 282 1687 asancto
299 1614 477 1714 Gregorio
500 1614 748 1688 illuminatore
767 1613 952 1713 dirigitur.
972 1617 1171 1686 Possumus
1196 1614 1343 1712 quidem
1364 1614 1484 1686 dicere
1505 1640 1587 1686 cum
1607 1616 1720 1687 Anto·
1769 1639 1775 1649 ·

118 1748 224 1833 nelli,
247 1747 355 1819 huius
383 1747 635 1820 translationis
659 1746 817 1831 editore,
839 1746 984 1833 tituloS,
1014 1772 1035 1819 a
1063 1746 1222 1819 librariis
1250 1747 1307 1819 vel
1337 1747 1535 1819 lectoribus
1568 1747 1719 1820 arbitrio

118 1881 324 1966 conlectos,
348 1880 485 1953 nullius
511 1905 592 1953 esse
621 1880 832 1965 momenti¹,
855 1878 926 1951 nisi
950 1891 1073 1951 tamen
1097 1877 1352 1965 coniiciamus,
1371 1879 1466 1951 sicut
1491 1905 1557 1977 pro
1587 1880 1719 1952 lacobo

119 2014 305 2112 Aphraate
331 2013 502 2087 lacobum
522 2012 756 2099 Nisibenam,
774 2012 825 2086 ita
844 2011 1061 2112 Gregorium
1078 2011 1383 2099 llluminatorem,
1402 2037 1509 2111 quem
1526 2013 1596 2085 iste
1611 2013 1719 2086 sami-

118 2148 244 2220 liarem
265 2160 301 2220 et
320 2148 564 2246 propinquum
583 2144 727 2232 habuit,
750 2172 815 2243 pro
837 2144 909 2217 alio
931 2144 1109 2244 Gregorio
1134 2145 1364 2243 suppositum
1387 2145 1513 2219 luisse.
1538 2147 1719 2242 Quoniam

117 2306 204 2353 vero
229 2280 405 2379 epistolae
429 2280 576 2353 titulum
602 2280 747 2352 codices
774 2278 889 2351 nostri
924 2303 997 2357 non
1024 2276 1213 2363 exhibent,
1242 2291 1278 2350 et
1300 2277 1523 2375 Aphraates,
1552 2280 1613 2378 qui
1639 2305 1720 2378 pro·

118 2413 233 2511 priam
253 2413 384 2486 celavit
396 2438 609 2511 personam,
626 2412 782 2484 amicum
797 2410 944 2483 nomine
960 2436 1033 2482 non
1055 2410 1250 2509 appellavit
1271 2410 1358 2500 (vid.
1377 2413 1587 2483 Demonstr.
1605 2436 1647 2497 x,
1667 2412 1716 2497 ll),

119 2545 209 2618 nihil
229 2546 315 2618 licet
335 2546 379 2618 de
394 2546 552 2618 hominis
565 2544 835 2642 nuncupatione
850 2569 917 2616 nec
933 2544 977 2616 de
993 2541 1231 2616 habitationis
1247 2543 1327 2615 loco
1343 2542 1508 2616 definire.

191 2680 280 2751 Eius
295 2691 417 2752 autem
433 2678 684 2752 condicionem
699 2677 896 2776 Aphraatis
915 2702 1035 2749 sermo
1055 2677 1228 2749 declarat.
1247 2675 1375 2749 Virum
1391 2676 1487 2749 enim
1503 2677 1720 2749 monachum

119 2812 329 2911 alloquitur,
349 2837 456 2911 quem
480 2811 637 2884 amicum
660 2824 696 2883 et
715 2810 864 2884 fratrem
885 2810 1100 2908 saepissime
1118 2821 1242 2897 vocat3
1262 2811 1520 2909 eumdemque,
1540 2810 1719 2910 dignitate

120 2958 282 3032 auctum,
299 2945 382 3018 aliis
404 2945 518 3018 fuisse
541 2943 808 3043 praepositum,
822 2956 858 3016 et
878 2969 1010 3016 munus
1025 2943 1187 3029 abbatis,
1206 2969 1272 3015 seu
1288 2942 1612 3031 archimandritae,
1631 2969 1719 3044 ges-

121 3078 214 3152 sisse
237 3091 403 3177 apparet.
426 3079 573 3167 Conler,
596 3091 679 3178 post
697 3080 778 3151 loca
798 3077 966 3176 superius
991 3077 1105 3150 relata
1128 3076 1326 3174 Aphraatis
1350 3078 1395 3149 ad
1416 3078 1615 3149 monachos
1635 3103 1722 3150 suos

121 3210 332 3299 scribentis,
355 3212 546 3310 sequentia
570 3213 707 3311 passim
732 3224 901 3308 excerpta
924 3238 931 3281 :
952 3242 970 3277 «
994 3213 1191 3308 Propterea
1210 3210 1311 3311 lege,
1331 3222 1372 3283 tu
1393 3222 1429 3283 et
1452 3210 1585 3284 fratres
1604 3212 1721 3283 nostri

121 3345 308 3430 monachi,
331 3345 393 3444 qui
412 3344 661 3445 virginitatem
681 3345 841 3445 diligunt
862 3375 880 3412 n
902 3346 1125 3436 (Demonstr.
1148 3371 1203 3430 vr,
1226 3344 1304 3437 20);
1325 3371 1342 3414 u
1366 3347 1464 3444 Lege
1485 3356 1521 3417 et
1540 3344 1659 3429 disce,
1681 3357 1720 3416 tu

122 3504 202 3551 cum
217 3477 394 3551 fratribus
408 3479 611 3564 monachis,
629 3479 713 3551 fidei
730 3491 876 3550 nostrae
892 3476 1134 3549 sectatoribus
1152 3504 1169 3547 n
1187 3479 1410 3568 (Demonstr.
1427 3504 1463 3561 x,
1481 3477 1534 3570 9),
1553 3505 1571 3547 ι(
1587 3480 1635 3550 Ut
1651 3476 1722 3549 dis-

122 3637 183 3685 eas
198 3626 234 3685 et
250 3612 397 3698 doceas,
416 3624 452 3684 et
467 3612 596 3684 credas
612 3626 647 3684 et
661 3612 825 3684 vicissim
839 3610 906 3684 tibi
922 3609 1092 3682 credatur
1108 3637 1126 3679 n
1144 3612 1366 3701 (Demonstr.
1381 3636 1405 3694 1,
1422 3610 1500 3705 20);
1519 3641 1536 3676 «
1556 3609 1616 3681 Sic
1632 3634 1722 3708 ergo

122 3745 279 3831 erudire,
298 3757 333 3816 et
348 3744 494 3829 fratres,
512 3748 670 3818 ecclesiae
685 3759 764 3818 tuoe
778 3745 885 3830 filios,
903 3744 1065 3817 vicissim
1081 3745 1184 3818 erudi
1202 3772 1219 3815 r
1237 3747 1461 3836 (Demonstr.
1476 3771 1540 3827 xn,
1561 3745 1635 3839 ta);
1656 3746 1721 3818 «0

123 3878 354 3976 dispensator
373 3877 504 3950 domus
523 3878 660 3951 Christi
683 3910 700 3945 »
718 3882 940 3972 (Demonstr.
960 3906 1028 3962 vn,
1047 3879 1124 3973 25);
1143 3903 1235 3977 quae
1254 3878 1403 3951 ultimae
1424 3878 1580 3951 Zachaei
1601 3878 1638 3949 in
1658 3903 1722 3950 co-

123 4010 201 4083 diee
220 4011 255 4082 A
274 4009 502 4081 adnotationi
521 4010 567 4083 ad
589 4012 945 4086 Demonstrationem
967 4040 1041 4084 xxn
1066 4012 1287 4086 conveniunt
1312 4040 1319 4082 :
1345 4044 1361 4077 «
1387 4012 1541 4109 Sapiens
1561 4015 1717 4084 Persa...

121 4142 213 4216 hanc
239 4142 432 4241 epistolam
457 4169 478 4215 a
503 4169 542 4216 se
567 4144 740 4242 scriptam
764 4146 810 4218 ad
835 4145 1004 4218 abbatem
1030 4146 1225 4244 quemdam
1247 4173 1280 4232 n,
1300 4171 1364 4219 seu
1385 4144 1598 4217 monasterii
1619 4171 1722 4243 prae·

123 4275 257 4349 sectum
273 4296 357 4377 lap-3
374 4307 392 4343 «
410 4276 509 4348 misit
529 4304 566 4364 n,
585 4278 753 4351 eumdem
768 4278 931 4376 prolecto
947 4279 993 4351 ad
1009 4305 1116 4378 quern
1132 4279 1393 4377 praecedentes
1409 4278 1584 4379 epistolas
1604 4279 1721 4378 scrip-

124 4424 219 4484 serat
238 4411 309 4503 (Cs.
333 4415 540 4485 Demonstr.
565 4438 656 4496 xxn,
680 4412 752 4507 ⁹25).

194 4689 230 4760 7.
264 4691 312 4762 Ut
343 4715 433 4790 ergo
471 4690 699 4764 satisfaceret
735 4690 993 4790 interroganti,
1025 4692 1248 4788 Aphraates,
1277 4692 1438 4790 acceptis
1479 4692 1611 4764 litteris
1645 4693 1721 4764 lae-

123 4833 198 4907 tnS,
226 4821 425 4895 liberaliter
456 4808 671 4922 respondet,
697 4835 732 4897 et
764 4823 800 4895 in
829 4823 1147 4897 Demonstratione
1181 4825 1298 4922 prima
1325 4828 1365 4897 de
1390 4827 1473 4898 Fide
1503 4824 1721 4899 fundamen-

124 4964 199 5025 tum
213 4953 298 5026 fidei
315 4956 442 5028 statuit
461 4981 543 5029 esse
563 4956 767 5044 Christum,
785 4957 843 5029 cui
863 4969 979 5029 toturn
999 4958 1202 5030 aedificium
1223 4958 1342 5031 tidelis
1362 4958 1514 5057 perlecti
1534 4958 1718 5045 innititur;

124 5098 158 5157 et
172 5100 378 5186 postquam,
396 5090 683 5186 patriarcharum
699 5091 891 5189 exemplis,
909 5092 993 5164 lidei
1009 5092 1177 5189 exposuit
1192 5092 1408 5179 efficaciam,
1431 5093 1608 5179 ostendit,
1632 5120 1721 5166 con·

125 5230 178 5290 tra
204 5219 410 5293 haereticos
437 5233 473 5293 et
500 5221 679 5307 infideles,
702 5247 795 5320 quae
825 5223 872 5296 sit
895 5250 982 5298 vera
1008 5225 1099 5297 lidos
1126 5226 1332 5313 Ecclesiae,
1355 5226 1455 5299 brevi
1481 5241 1517 5299 et
1546 5227 1720 5300 adstricta

125 5353 278 5449 quadam
299 5354 543 5453 expositione,
562 5382 635 5427 non
653 5381 740 5428 vero
761 5357 1002 5430 consessionis
1023 5359 1202 5457 symbolo.

194 5485 360 5559 Virtutes
380 5500 501 5560 autem
520 5488 605 5561 fidei
625 5489 839 5563 coniunctae
859 5504 1079 5564 tractatuum
1101 5495 1330 5592 sequentinm
1346 5509 1601 5593 argumentum
1618 5522 1720 5593 prae·

184 5760 192 5799 ¹
205 5761 375 5839 ilntonelli,
387 5762 622 5827 SanctiPotris
632 5769 739 5829 nostri
744 5766 852 5845 Iacob,
866 5772 1011 5852 episcopi
1018 5769 1175 5847 Nisibeni,
1189 5770 1373 5848 Sermones,
1386 5771 1517 5849 Romae,
1532 5779 1618 5849 1756,
1630 5795 1660 5857 p.
1675 5796 1718 5836 ιιι,
