4120 6456
365 526 437 567 uxvr
548 552 552 561 .
900 502 1145 566 PRAEFATIO
1167 502 1371 566 -CAPUT
1394 502 1448 565 lll.

369 706 480 777 retur,
503 693 582 790 ipse
603 704 744 775 tamen,
768 690 943 764 librorum
967 691 1256 790 praedicatione,
1277 691 1459 764 revelatur
1476 704 1517 763 ut
1536 690 1621 763 fidei
1645 703 1816 762 strenuus
1836 691 1960 764 adser-

366 839 482 899 toret
505 825 688 909 defensor,
708 824 916 922 Scripturas
941 824 1121 921 interpres
1145 824 1337 923 egregius,
1355 823 1587 922 optimusque
1607 849 1749 896 morum
1770 823 1957 922 magister,

367 959 446 1057 qui,
468 957 515 1031 ad
534 956 703 1055 Apostoli
723 969 976 1055 praeceptum,
998 983 1072 1029 non
1090 957 1216 1056 utique
1236 956 1355 1055 potuit
1372 956 1479 1030 aliter
1498 957 1629 1029 docere
1650 982 1758 1054 quam
1776 955 1879 1028 vixit.

437 1091 542 1165 Unde
556 1090 652 1164 iusta
668 1089 808 1164 exstitit
827 1090 1019 1163 doctorum
1035 1090 1144 1163 hodie
1164 1090 1209 1163 de
1223 1091 1407 1188 Aphraate
1424 1089 1651 1175 sollicitudo,
1667 1102 1862 1188 postquam
1881 1089 1957 1162 eius

363 1223 498 1308 libros,
516 1249 632 1321 nuper
647 1223 683 1295 iu
703 1221 891 1296 codicibus
911 1222 1086 1296 Nitrianis
1099 1222 1239 1296 Musaei
1256 1222 1455 1296 Britannici
1474 1249 1495 1296 a
1510 1225 1575 1297 W.
1593 1224 1753 1297 Cureton
1773 1233 1954 1321 repertos,

363 1371 404 1430 ut
423 1356 526 1430 initio
545 1355 761 1441 memoravi,
782 1356 924 1456 syriace
944 1356 1059 1429 edidit
1077 1359 1141 1431 W.
1162 1356 1333 1455 Wright,
1355 1369 1585 1455 praematura
1605 1368 1720 1429 morte
1741 1355 1778 1427 in
1797 1354 1955 1428 orienta-

362 1489 451 1563 lium
465 1490 669 1563 litterarum
684 1489 868 1563 desiderio
888 1504 1091 1588 correptus.
1112 1489 1305 1588 Exemplar
1318 1514 1340 1562 a
1354 1492 1419 1562 W.
1438 1490 1597 1563 Cureton
1617 1488 1697 1587 ipso
1713 1488 1952 1586 descriptum,

362 1648 444 1696 curu
459 1622 636 1696 ambobus
650 1621 838 1696 codicibus
856 1634 1024 1696 accurate
1043 1622 1230 1721 probeque
1246 1622 1315 1695 iste
1330 1622 1552 1725 contulerat,
1570 1634 1610 1694 ut
1624 1633 1763 1694 textum
1779 1621 1863 1694 inde
1879 1620 1955 1693 elli-

361 1768 473 1844 ceret,
489 1756 547 1828 cui
566 1755 687 1829 varias
706 1754 885 1829 lectiones
900 1755 1074 1840 subiecit,
1093 1780 1138 1828 ex
1156 1767 1310 1853 utroque
1325 1755 1452 1828 codice
1468 1767 1670 1853 exemptas.
1688 1753 1838 1827 Librum
1857 1753 1954 1827 auxit

360 1888 586 1988 praelatione
615 1888 760 1989 anglice
787 1886 941 1986 scripta,
970 1887 1135 1987 Epistola
1162 1887 1313 1989 Georgii
1345 1888 1505 1988 syriaca,
1533 1913 1615 1961 cum
1644 1887 1826 1961 Chronico
1856 1887 1953 1959 Eliae

360 2021 567 2108 Barsiuaei,
584 2046 727 2096 necnon
743 2021 863 2094 indice
883 2020 1018 2095 biblico
1030 2026 1056 2092 ¹.
1074 2023 1178 2120 Opus
1194 2021 1377 2120 syriacum
1392 2021 1539 2121 anglica
1553 2022 1675 2095 versio
1689 2034 1768 2095 erat
1783 2018 1952 2093 subsecu-

357 2169 457 2241 tura,
481 2167 519 2228 at
541 2154 624 2228 aliis
650 2153 839 2227 laboribus
859 2154 1061 2253 officiisque
1086 2155 1301 2253 impeditus,
1321 2168 1357 2227 et
1380 2154 1528 2227 taudem
1551 2154 1626 2228 lato
1652 2154 1804 2240 cedens,
1832 2153 1953 2226 cousi-

357 2287 446 2361 lium
466 2311 540 2359 non
559 2286 724 2386 perfecit.

431 2419 622 2518 Syriacum
649 2433 836 2493 auctorem
864 2418 1010 2520 vulgari
1038 2421 1166 2520 lingua
1192 2420 1506 2518 interpretandum
1531 2420 1671 2518 primus
1702 2419 1773 2492 sibi
1797 2416 1952 2518 sumpsit

356 2552 678 2626 aestimatissimus
695 2553 751 2624 vir
766 2554 964 2626 Gustavius
978 2552 1135 2641 Bickell,
1154 2554 1259 2626 euius
1274 2553 1427 2654 egregia
1442 2553 1572 2627 merita
1587 2568 1722 2626 norunt
1737 2553 1951 2626 biblicarum

354 2698 392 2759 et
409 2685 641 2759 orientalium
660 2710 780 2758 rerum
796 2685 970 2772 studiosi,
993 2712 1075 2759 cum
1095 2686 1132 2759 in
1151 2685 1362 2760 Thalholeri
1382 2686 1616 2760 collectaneis
1636 2686 1783 2785 scriptis
1804 2690 1949 2759 Patrum

356 2818 561 2904 Ecclesiae,
586 2818 707 2892 lacobi
727 2819 942 2916 aphraatis,
966 2820 1128 2918 episcopi
1149 2823 1228 2893 Mar
1248 2819 1443 2905 Matthaei,
1464 2832 1643 2893 tractatus
1661 2834 1745 2893 octo
1764 2824 1807 2912 (r,
1827 2847 1872 2899 ιι,
1890 2846 1946 2903 m,

354 2980 404 3040 ιν,
426 2980 496 3038 vn,
517 2980 587 3039 ιιι,
605 2980 712 3039 xvnr,
730 2958 836 3047 xxu),
854 2953 998 3026 adiecto
1017 2953 1221 3051 prooemio,
1244 2953 1456 3052 germanico
1476 2978 1643 3027 sermone
1665 2953 1862 3026 reddidit².

426 3085 649 3183 Aphraatem
664 3098 748 3183 post
768 3085 858 3159 haec
878 3084 1075 3159 illustravit
1095 3085 1221 3159 libello
1241 3087 1337 3160 mole
1357 3086 1504 3186 quidem
1517 3086 1670 3186 exiguo,
1691 3112 1813 3160 rerum
1829 3100 1947 3160 autem

352 3221 457 3318 copia
484 3219 684 3318 perdenso,
707 3219 925 3292 Frauciscus
946 3222 1075 3305 Sasse,
1099 3220 1228 3318 inquo
1251 3220 1411 3293 auctoris
1439 3220 1553 3292 nostri
1580 3244 1714 3292 nomeu
1741 3220 1946 3319 scriptaque

352 3353 533 3452 explorat,
555 3365 592 3425 et
611 3352 656 3425 de
675 3352 883 3425 armeniaca
901 3351 1142 3426 translatione
1158 3354 1332 3451 perdocte
1352 3353 1501 3426 disserit
1513 3356 1539 3424 ³.

423 3485 622 3585 Aphraatis
646 3485 756 3558 etiam
780 3485 927 3559 nomine
947 3486 1172 3583 doctoralem
1195 3487 1330 3559 thesim
1354 3486 1540 3586 inscripsit
1560 3485 1715 3559 lacobus
1735 3490 1889 3587 borget,
1911 3486 1945 3558 in

350 3645 423 3718 qua
446 3618 607 3692 auctoris
631 3617 748 3691 nostri
772 3618 884 3691 vitam
905 3630 942 3692 et
962 3618 1166 3693 doctrinam
1186 3619 1266 3693 suse
1286 3632 1502 3718 pertractat,
1526 3632 1562 3693 et
1580 3620 1737 3719 plurima
1757 3635 1941 3719 excerpta,

350 3754 459 3825 immo
478 3752 662 3851 integram
681 3751 1038 3825 Demonstrationem
1057 3779 1135 3836 ιιι,
1152 3752 1265 3826 latine
1283 3754 1391 3826 vertit
1404 3756 1430 3825 ⁴.

422 3884 587 3958 Tandem
609 3883 646 3956 in
666 3882 838 3982 Lipsiaua
856 3898 1021 3958 veterum
1041 3885 1270 3960 litteraturae
1289 3885 1512 3959 christianae
1532 3897 1851 3959 monumentorum
1870 3884 1943 3959 eol-

346 4018 522 4107 lectioue,
550 4021 596 4091 D'
614 4017 796 4116 Georgius
826 4021 913 4091 Bert
945 4030 1062 4091 totum
1095 4018 1292 4118 Aphraatis
1320 4044 1413 4117 opus
1443 4045 1489 4093 ex
1517 4019 1678 4093 editione
1707 4019 1943 4119 Wrightiana
2043 4100 2044 4113 q

348 4152 557 4253 germanice
579 4149 755 4235 reddidit,
774 4175 858 4223 cum
876 4151 1102 4250 praelatione
1123 4165 1159 4225 et
1178 4152 1313 4225 notis⁵.

408 4400 416 4438 ⁴
444 4399 499 4467 W.
521 4397 671 4482 Wright,
694 4397 758 4459 The
783 4396 942 4460 Homilies
964 4402 1006 4480 os
1020 4400 1226 4483 Aphraates,
1244 4402 1295 4462 tlte
1316 4399 1457 4462 Persian
1480 4401 1580 4485 Saga,
1597 4401 1707 4463 edited
1724 4405 1812 4484 from
1834 4404 1943 4484 syriae

346 4508 568 4588 manuscripts
589 4507 632 4586 of
647 4504 699 4566 tlte
719 4504 794 4586 fifth
815 4504 886 4566 aud
903 4506 991 4566 aiath
1014 4509 1175 4569 centurias
1196 4509 1230 4569 in
1253 4508 1305 4569 the
1324 4506 1450 4570 Britt'sh
1471 4506 1638 4584 Museum,
1657 4510 1732 4571 with
1753 4530 1797 4571 an
1819 4508 1942 4593 engtat

347 4614 560 4686 translation,
576 4610 639 4672 vol.
658 4608 686 4685 l,
703 4609 757 4672 the
772 4610 877 4692 syriae
891 4619 973 4686 text,
991 4611 1139 4689 London,
1158 4617 1245 4675 1869.

405 4720 418 4759 ²
444 4716 885 4801 G.Bickell,1lusgewahlte
905 4718 1172 4803 Abhandlangen
1195 4719 1252 4781 dea
1273 4720 1425 4803 Bischofs
1446 4721 1547 4784 Iakob
1570 4721 1760 4805 ,lphraatcs
1784 4743 1844 4785 von
1867 4721 1943 4785 Mor·

345 4826 526 4903 Mattheus,
554 4824 732 4907 praemissa
760 4822 1010 4901 Introductione,
1042 4827 1108 4889 sive
1137 4827 1330 4912 Einleitung
1356 4828 1436 4890 atbar·
1462 4827 1568 4890 Laden
1599 4829 1668 4891 und
1694 4830 1859 4912 kicluu'fien
1886 4828 1941 4891 des

344 4933 534 5016 Aphrootes
553 4929 755 5011 (Thalholers
773 4930 959 4994 Br'bliotdelc
978 4931 1038 4995 der
1051 4933 1295 5012 Kirchenvctter,
1313 4934 1387 4997 voll.
1405 4933 1478 5010 Cll,
1495 4934 1594 5017 Clll),
1612 4935 1785 5020 Kempten,
1804 4939 1891 4999 1874.

385 5041 397 5078 ³
414 5039 450 5102 C.
469 5037 492 5100 l.
510 5037 564 5100 Fr.
581 5037 694 5113 Sasse,
710 5036 952 5121 Prolegomena
969 5043 1001 5101 in
1022 5040 1205 5123 Aphraatia
1225 5041 1391 5124 Sapientia
1404 5041 1531 5104 Persae
1544 5063 1711 5105 aerumnas
1725 5044 1937 5120 homileticos,

345 5144 488 5228 Lipsiae,
508 5148 596 5206 1879.

386 5247 443 5311 ⁴1.
464 5248 598 5332 Forget,
619 5247 670 5311 De
690 5250 755 5310 vita
774 5260 806 5310 et
827 5252 959 5332 scriptas
984 5252 1182 5334 Aplrroatr's,
1201 5253 1366 5336 Septentr'a
1389 5252 1529 5331 Persae,
1551 5253 1748 5317 Dissertatio
1771 5256 1939 5319 ht'atorico·

345 5356 538 5440 theologico,
556 5377 654 5439 quam
677 5354 724 5417 ad
739 5354 884 5438 gradum
909 5357 1052 5420 doctoris
1073 5381 1100 5421 s.
1118 5360 1300 5444 theologiae
1321 5364 1355 5423 iu
1378 5360 1594 5425 Unr'oerar'tate
1615 5361 1814 5425 Looaaiensi
1830 5382 1939 5425 conse·

343 5461 507 5545 quendum
523 5465 729 5546 conscripsit,
748 5460 895 5539 Levanii,
915 5468 1002 5527 1882.

403 5569 416 5607 ⁵
432 5568 471 5633 G.
487 5568 578 5644 Bert‚
594 5569 798 5652 Aphradat’s
812 5570 869 5632 des
878 5569 1073 5633 Persischen
1096 5572 1222 5636 Wersen
1233 5573 1412 5651 Homilien,
1425 5596 1488 5637 aus
1500 5575 1572 5638 dem
1587 5575 1764 5657 Syrr'achea
1779 5577 1938 5639 thersam

343 5675 413 5738 und
436 5677 592 5739 erlautert
619 5675 797 5757 (Gebhardt
828 5687 859 5740 et
888 5678 1050 5753 Harnaclr,
1079 5678 1176 5742 Teate
1205 5680 1275 5742 und
1297 5680 1602 5766 Untersucdungen,
1624 5682 1686 5744 vol.
1710 5682 1769 5760 lll,
1792 5683 1870 5747 lasc.
1891 5687 1934 5764 3),

342 5781 484 5867 Lipsiae,
504 5785 591 5845 1888.
