4120 6456
681 1951 762 2044 AD
812 1948 1143 2045 LECTOREM
1258 2097 1260 2101 ¹

193 2570 326 2649 Habes
342 2598 436 2679 prae
452 2571 653 2667 manibus,
671 2572 816 2680 optime
834 2573 987 2667 Lector,
1005 2572 1171 2680 primum
1190 2571 1373 2651 volumen
1389 2570 1555 2650 alicuius
1575 2570 1712 2650 collec-

109 2712 231 2791 tionis
255 2712 397 2792 litteris
422 2714 586 2822 syriacis
613 2713 792 2809 deditae,
814 2743 892 2793 non
922 2743 1066 2822 parvae
1094 2714 1251 2823 quidem
1278 2713 1393 2793 molis
1417 2742 1533 2822 quam
1558 2725 1708 2808 tamen,

109 2853 266 2933 favente
291 2857 373 2934 Deo
394 2857 439 2935 0.
459 2858 530 2951 M,
548 2856 754 2936 absolvere
778 2857 1074 2937 contendemus
1095 2860 1269 2955 Quanam
1290 2856 1338 2936 de
1359 2884 1497 2951 cause,
1510 2856 1589 2935 tale
1609 2884 1710 2963 opus

111 2998 423 3105 susceperimus,
441 3020 632 3105 quaenam
650 2998 768 3077 fuerit
792 2999 1001 3079 methodus
1026 3029 1071 3078 ac
1094 3000 1193 3078 ratio
1218 2997 1384 3107 agendi,
1403 2998 1599 3105 quomodo
1619 2997 1709 3076 huic

112 3138 335 3218 collectioni
359 3139 476 3219 finem
496 3169 569 3220 uos
589 3140 790 3249 imponere
810 3169 930 3249 posse
951 3170 1175 3250 speremuS,
1197 3141 1259 3220 his
1280 3140 1418 3249 paucis
1437 3140 1586 3248 accipe.

194 3284 290 3360 Cum
320 3282 500 3390 pluribus
528 3283 670 3362 abhinc
702 3283 815 3362 annis
848 3282 1000 3363 litteras
1027 3284 1209 3392 Syriacas
1238 3282 1405 3362 docendi
1436 3283 1475 3360 in
1509 3281 1708 3361 Facultate

110 3422 353 3531 Theologica
368 3424 539 3504 lnstituti
561 3424 753 3504 Catholici
779 3413 1013 3506 Parisiehsis
1033 3454 1173 3504 munus
1190 3424 1495 3533 susceperimus,
1513 3423 1628 3502 nobis
1650 3424 1708 3503 vi-

110 3593 199 3644 sum
229 3566 412 3645 estnihil
441 3567 627 3645 maiorem
656 3566 864 3646 utilitatem
896 3569 1099 3675 maiusque
1131 3567 1251 3646 decus
1280 3566 1343 3646 his
1368 3565 1510 3645 litteris
1535 3565 1707 3673 Syriacis

109 3708 250 3787 afferre
272 3709 441 3816 quamsi
467 3709 563 3789 iuris
582 3708 729 3817 publici
749 3709 981 3789 fecissemus
1003 3709 1187 3818 typisque
1211 3709 1484 3803 mandaremus
1507 3706 1709 3786 collectio-

109 3878 201 3928 nem
228 3850 399 3958 aliquam
427 3851 567 3931 horum
591 3880 753 3959 operum
779 3851 938 3961 Syriace
965 3851 1296 3959 conscriptorum,
1320 3879 1419 3958 quae
1446 3849 1707 3957 undequaque

108 3990 174 4070 his
200 3994 431 4100 praesertim
453 3993 698 4102 temporibus
721 3994 868 4074 nostris
895 3994 1135 4102 conquisita,
1157 4023 1259 4072 nunc
1279 3994 1408 4072 iacent
1427 3991 1466 4070 in
1486 3992 1709 4100 praecipuis

109 4135 292 4243 Europae
316 4148 474 4216 nostrae
502 4135 779 4231 Bibliothecis,
803 4136 884 4216 sive
909 4136 1082 4215 nondum
1111 4136 1235 4232 edita,
1259 4136 1341 4215 sive
1365 4135 1471 4244 typis
1496 4134 1572 4213 iam
1598 4163 1708 4212 man-

108 4275 223 4371 data,
241 4277 295 4356 ita
308 4290 439 4357 tamen
454 4290 589 4357 utnon
611 4277 694 4357 siue
715 4278 834 4357 nimia
853 4278 1081 4357 difficultate
1098 4308 1121 4357 a
1138 4278 1317 4387 pluribus
1337 4276 1514 4356 adhiberi
1534 4277 1703 4385 possint.

192 4420 274 4500 Etsi
297 4421 399 4500 enim
427 4420 528 4500 inter
551 4421 743 4500 humanas
772 4419 924 4501 litteras
954 4422 1137 4529 Syriacae
1165 4421 1332 4528 primum
1366 4420 1495 4498 locum
1531 4418 1707 4498 obtinere

107 4574 328 4671 nequeunt,
350 4562 458 4642 nullo
481 4563 597 4642 modo
617 4575 747 4642 tamen
768 4563 917 4672 negligi
938 4574 1105 4671 possunt
1125 4563 1173 4642 ab
1194 4562 1251 4642 eis
1278 4563 1344 4669 qui
1364 4562 1505 4642 litteris
1527 4561 1710 4641 christia-

107 4705 172 4785 nis
199 4704 370 4784 studium
397 4734 634 4814 operamque
656 4718 909 4785 navaverunt.
936 4706 1073 4785 Plures
1103 4706 1204 4784 enim
1229 4716 1384 4784 exstant
1407 4703 1609 4783 versiones
1637 4706 1709 4782 Sa-

107 4876 265 4927 crorum
295 4847 498 4926 bibrorum
522 4848 659 4956 lingua
687 4847 839 4957 syriaca
864 4849 1132 4957 conscriptae,
1150 4876 1286 4926 omnes
1309 4846 1410 4926 enim
1440 4858 1583 4925 norunt
1602 4845 1709 4924 illam

105 4989 330 5069 versionem
355 5019 471 5098 quam
494 4991 726 5101 sirnplicem
747 5017 822 5083 ted
841 5003 1003 5083 vocant,
1026 5002 1069 5069 ut
1095 4991 1319 5069 omittamus
1344 4989 1441 5067 alias
1464 4987 1667 5067 versiones
1687 5018 1710 5067 a

107 5132 399 5241 Monophysitis
422 5132 666 5241 conscriptas
692 5161 844 5213 necnon
871 5133 1024 5240 aliquas
1051 5133 1149 5212 alias
1177 5161 1276 5239 quae
1301 5130 1375 5210 etsi
1398 5142 1521 5209 totam
1541 5129 1708 5209 Bibliam

107 5304 189 5354 non
213 5274 433 5370 continent,
455 5287 585 5355 tamen
613 5304 690 5354 non
710 5275 820 5383 parvi
841 5289 931 5355 suut
951 5275 1135 5356 momenti
1162 5274 1394 5384 praesertim
1418 5272 1483 5351 ubi
1507 5272 1639 5380 agitur
1658 5272 1705 5352 de

106 5428 303 5526 apparatu
323 5417 457 5496 critico
478 5418 577 5497 Novi
598 5418 846 5497 Testamenti.

194 5561 359 5667 lnsuper
386 5560 487 5640 hanc
516 5560 692 5640 eamdem
721 5560 896 5669 linguam
924 5561 1125 5669 Syriacam
1151 5560 1338 5639 adhibent
1361 5559 1495 5668 plures
1524 5556 1706 5665 liturgiae

105 5702 278 5796 scilicet,
295 5702 521 5812 -liturgia
541 5702 744 5783 chaldaica
762 5733 840 5812 qua
859 5716 1021 5783 utuntur
1037 5702 1221 5783 Chaldaei
1243 5701 1433 5781 Catholici
1453 5712 1570 5809 atque
1591 5699 1707 5778 etiam

218 5846 286 5879 PATR.
299 5846 348 5880 sill.
362 5860 387 5868 -
402 5847 421 5881 Ρ.
435 5846 450 5881 1.
463 5848 483 5881 T.
498 5848 513 5883 [ι
