4120 6456
130 5739 288 5805 Homilies
309 5746 352 5825 of
365 5740 569 5827 Aphroates,
586 5767 641 5831 pp.
663 5749 716 5823 38,
739 5750 787 5808 30.

685 486 929 552 APHRAATIS
951 486 1186 552 DOCTRINA.
1269 511 1272 515 ’

205 677 301 741 Sasse
320 697 396 738 vero
417 696 476 760 pro
495 675 599 758 primo
620 695 751 737 numero
773 675 913 758 reponit,
930 696 948 737 e
970 675 1051 737 Gen.
1068 697 1119 751 xv,
1137 678 1174 736 24
1190 683 1221 737 01
1240 697 1309 750 xxi,
1326 679 1381 751 40,

264 783 1084 858 collatisDemonstr.n,l;xr,4,etxxnr,44...
1117 830 1123 844 .
1153 782 1383 864 tafften»
1487 829 1492 843 .

204 889 301 965 Idem,
319 910 335 951 e
351 888 532 952 Demonstr.
550 911 598 964 xi,
613 893 647 964 4,
664 898 696 952 01
710 911 807 965 xxm,
822 892 875 965 43,
891 889 1038 951 rescribit
1052 910 1070 950 a
1085 887 1275 972 migratione
1291 888 1384 951 Iacob

264 997 304 1058 ad
319 996 464 1058 Exodum
1209 1009 1217 1025 ‘
1465 1000 1522 1057 225

343 1149 401 1211 pro
417 1148 550 1212 quarum
566 1148 705 1202 summa,
723 1148 785 1189 una
799 1126 904 1191 littera
919 1126 1114 1210 transposita
1465 1189 1523 1198 ,-

383 1234 463 1318 legit
470 1281 1098 1298 ................................
1127 1236 1249 1295 taum
1264 1232 1383 1296 temti
1466 1237 1524 1295 416

205 1343 320 1406 Cetera
338 1342 456 1404 intacta
472 1351 592 1418 servat,
608 1340 756 1404 videlicet
775 1341 814 1404 ab
834 1340 944 1403 Exodo
960 1340 999 1402 ad
1015 1339 1265 1402 aedificationem

266 1449 389 1532 Templi
405 1494 1257 1512 ..........................................
1284 1466 1385 1509 annos
1461 1450 1526 1546 480

346 1582 477 1646 Summa
490 1602 566 1644 vera
569 1627 1255 1645 .................................
1313 1581 1353 1626 '-
1467 1584 1526 1642 800

265 1688 305 1751 00
320 1689 568 1751 destructionem
584 1687 796 1771 ierosolymae
807 1734 1257 1751 .......................
1314 1722 1354 1732 —
1468 1691 1526 1749 425

346 1821 477 1885 Summa
491 1821 639 1883 universa
646 1868 1255 1884 ..............................
1315 1856 1355 1867 -
1430 1826 1524 1883 1321

205 1981 292 2045 11000
306 2001 381 2043 vero
398 2001 470 2043 cum
489 1980 620 2044 Eusebii
640 1981 874 2064 computatione
888 1981 1024 2043 conferri
1039 1990 1189 2064 possunt,
1206 1980 1260 2064 qui
1276 2001 1387 2043 nume-

267 2096 316 2151 rat
334 2109 353 2149 a
373 2087 588 2150 destructione
615 2088 773 2152 Sodomae
799 2087 839 2150 ad
865 2087 1053 2151 descensum
1080 2087 1174 2150 lacob
1200 2088 1232 2149 in
1256 2088 1389 2172 Aegyp-

267 2205 334 2257 tum
348 2240 1261 2258 .............................................
1288 2214 1388 2256 00000
1473 2198 1528 2256 104

268 2301 308 2364 00
323 2301 468 2363 Exodum
472 2348 1259 2364 ........................................
1319 2337 1359 2348 -
1472 2304 1531 2401 2-12

350 2434 482 2498 Summa
485 2480 1258 2499 .......................................
1317 2471 1356 2481 -
1471 2439 1530 2496 400

269 2540 309 2603 00
324 2540 575 2603 aedificationem
592 2540 717 2624 Templi
750 2588 997 2602 .............
1004 2613 1006 2616 Ι
1012 2589 1259 2602 .............
1317 2577 1356 2586 -
1471 2545 1530 2640 litt-0

349 2673 481 2737 Summa
488 2722 1258 2736 .....................................
1320 2712 1357 2721 —
1472 2680 1531 2735 886

236 2796 241 2804 ·
268 2780 309 2842 00
324 2779 572 2843 destructionem
588 2779 799 2862 ierosolymae
813 2829 1262 2843 ......................
1320 2817 1359 2826 -
1473 2784 1532 2841 440

350 2911 481 2974 Summa
494 2912 643 2975 universa
650 2961 1220 2976 .............................
1236 2963 1259 2975 ..
1321 2951 1361 2960 -
1436 2918 1532 2975 1326

192 3071 329 3136 Ultimas
344 3081 451 3134 antem
471 3093 622 3135 numeras
641 3072 682 3135 ab
700 3074 863 3155 Aphraate
882 3073 1021 3148 effictus,
1039 3073 1278 3136 asubversione
1298 3073 1455 3136 Sodomae
1475 3074 1515 3135 ad
1536 3095 1654 3136 annum
1674 3081 1732 3137 655

130 3177 319 3255 Alexandri,
337 3182 430 3254 2076,
448 3179 581 3241 nimium
603 3188 783 3263 correptus,
801 3180 834 3241 in
856 3184 948 3255 2276,
974 3179 1093 3242 inserto
1113 3183 1235 3259 <ll-³00,
1257 3179 1475 3242 emendandus
1496 3190 1579 3256 erat,
1603 3190 1638 3243 01
1659 3201 1731 3243 cum

131 3283 205 3347 aliis
219 3284 359 3347 auctoris
373 3285 657 3369 supputationibus
673 3286 865 3348 conveniret.

205 3464 326 3536 Aliam
346 3463 455 3536 etiarn
472 3464 630 3538 instituit
645 3464 851 3563 Aphraates
867 3464 904 3535 in
920 3464 1238 3538 Demonstratione
1256 3465 1384 3538 ultima
1401 3466 1727 3563 computationem,

131 3597 169 3667 in
187 3622 257 3695 qua
278 3596 507 3696 singulorum
527 3597 816 3696 patriarcharum
839 3598 885 3670 ab
904 3598 1022 3671 Adam
1046 3598 1091 3671 00
1112 3597 1220 3671 Iacob
1243 3598 1382 3697 prolixe
1405 3611 1571 3671 numerat
1593 3624 1727 3684 annos,

129 3728 284 3803 sicilicet
304 3730 515 3829 priusquam
532 3731 785 3830 unusquisque
805 3731 951 3831 genuit,
973 3731 1058 3804 dein
1080 3744 1163 3829 post
1188 3744 1330 3804 creatos
1351 3731 1504 3818 liberos
1522 3758 1565 3805 ac
1581 3733 1729 3806 tandem

128 3862 225 3934 vitae
255 3888 434 3935 summam
464 3862 501 3935 in
530 3863 741 3937 universum
772 3864 935 3948 conficit,
961 3864 1058 3937 unde
1084 3876 1229 3962 tempus
1255 3864 1350 3937 eruit
1378 3865 1474 3964 quod
1501 3864 1619 3962 quivis
1648 3891 1730 3938 cum

129 3994 258 4067 ultimo
286 4021 434 4069 suorum
461 4009 703 4095 pronepotum
721 3997 824 4069 vixit.
843 3999 1063 4089 (Demonstr.
1084 4024 1191 4083 xxm,
1211 3997 1276 4084 22,
1296 4003 1413 4097 seqq.)
1438 3998 1596 4070 Primam
1621 3999 1729 4071 huius

130 4129 403 4227 supputationis
427 4141 569 4227 partem
592 4130 739 4213 saeculo
759 4130 953 4203 undecimo
972 4131 1186 4230 perscripsit
1208 4131 1264 4204 vel
1286 4129 1464 4204 breviavit
1484 4132 1583 4205 Elias
1605 4133 1729 4205 barsi-

130 4286 264 4349 naeus‚
287 4262 384 4361 quod
399 4261 551 4335 huiusce
570 4262 812 4336 praelationis
828 4263 933 4337 initio
949 4262 1202 4363 significabam
1219 4268 1265 4362 (p.
1287 4269 1338 4358 x),
1357 4265 1394 4337 iu
1413 4290 1478 4337 sua
1493 4266 1729 4367 Chronogra-

130 4393 234 4492 phia,
263 4396 331 4469 hoc
355 4395 463 4468 titulo
489 4416 593 4477 xlma
615 4416 706 4477 tm·
728 4412 839 4496 eset,
861 4418 923 4477 tut
940 4412 980 4505 pl
1001 4413 1048 4498 »gl
1070 4423 1133 4498 ang
1156 4418 1205 4478 tn.
1230 4403 1325 4471 Anni
1350 4401 1468 4471 domus
1493 4403 1601 4486 Adae,
1626 4404 1728 4473 10010

129 4532 333 4601 sententiam
353 4532 556 4624 Apbraotis,
576 4532 750 4624 Sapientis
768 4534 904 4602 Persae.

290 4705 340 4767 Ab
364 4705 466 4767 Adam
490 4705 591 4790 igitur
615 4726 772 4767 summam
793 4706 913 4769 ducens
934 4707 975 4768 ad
999 4707 1181 4791 ingressum
1204 4708 1310 4770 lacobi
1335 4708 1366 4770 in
1386 4709 1450 4771 Ae·

352 4820 485 4895 gyptum
500 4832 601 4874 annos
615 4822 760 4874 numerat
774 4860 1442 4877 ..................................
1491 4819 1569 4879 2238

290 4917 331 4980 00
347 4917 491 4979 Exodnm
495 4965 1183 4983 ...................................
1200 4976 1202 4980 ,
1216 4967 1442 4983 ............
1491 4927 1569 4985 2463

291 5024 331 5086 00
346 5024 593 5087 exstructionem
609 5023 733 5107 Templi
737 5073 1442 5090 ...................................
1491 5032 1568 5091 2043

289 5130 330 5192 00
345 5130 558 5214 captivitatem
573 5129 794 5213 babylonicam
799 5179 1442 5196 .................................
1489 5139 1568 5196 3368

289 5236 389 5300 Addit
410 5236 497 5299 Elias
516 5258 624 5300 acram
644 5237 883 5302 Seleucidarum
902 5259 985 5301 anuo
1006 5249 1079 5321 post
1100 5240 1314 5323 captivitatem
1341 5251 1448 5303 cente-

350 5345 431 5406 simo
447 5344 620 5428 incepisse,
635 5345 736 5429 igitur
750 5366 832 5407 anno
852 5345 960 5407 mundi
969 5395 1441 5412 .......................
1488 5353 1568 5411 3408

155 5509 161 5519 ’
193 5529 201 5567 ¹
219 5529 299 5593 cod.
314 5528 439 5593 Musaei
451 5530 621 5595 britannici
634 5532 726 5596 Hiclr.
743 5536 845 5609 7,197,
862 5531 915 5594 iol.
932 5537 950 5594 3
965 5554 1067 5616 seqq,
1082 5533 1210 5597 exhibet
1223 5535 1346 5617 syriace
1358 5544 1389 5597 et
1401 5536 1527 5599 arabice
1543 5537 1727 5602 Chronicon

132 5634 227 5698 Elioe
242 5635 436 5716 Barsr'naei,
453 5640 681 5721 metropolitae
699 5638 832 5704 Nisibis.
852 5640 988 5703 Textum
1011 5641 1170 5723 syriacum
1185 5641 1285 5704 habes
1309 5643 1394 5726 apud
1417 5642 1472 5709 W.
1491 5643 1640 5729 Wright,
1663 5647 1728 5711 Tlee
