<?xml version="1.0" encoding="UTF-8"?>
<!DOCTYPE html PUBLIC "-//W3C//DTD XHTML 1.0 Transitional//EN"
    "http://www.w3.org/TR/xhtml1/DTD/xhtml1-transitional.dtd">
<html xmlns="http://www.w3.org/1999/xhtml" xml:lang="en" lang="en">
 <head>
  <title>
</title>
<meta http-equiv="Content-Type" content="text/html;charset=utf-8" />
  <meta name='ocr-system' content='tesseract 3.04.00' />
  <meta name='ocr-capabilities' content='ocr_page ocr_carea ocr_par ocr_line ocrx_word'/>
</head>
<body>
  <div class='ocr_page' id='page_1' title='image "./patrologiasyria01grafgoog_0026.png"; bbox 0 0 4120 6456; ppageno 0'>
   <div class='ocr_carea' id='block_1_1' title="bbox 321 488 1378 557">
    <p class='ocr_par' dir='ltr' id='par_1_1' title="bbox 321 488 1378 557">
     <span class='ocr_line' id='line_1_1' title="bbox 321 488 1378 557; baseline -0.006 -1"><span class='ocrx_word' id='word_1_1' title='bbox 321 516 367 557; x_wconf 89' lang='lat' dir='ltr'>xrr</span> <span class='ocrx_word' id='word_1_2' title='bbox 863 488 1108 553; x_wconf 81' lang='lat' dir='ltr'>PRAEFATIO</span> <span class='ocrx_word' id='word_1_3' title='bbox 1129 525 1169 534; x_wconf 92' lang='lat'>—</span> <span class='ocrx_word' id='word_1_4' title='bbox 1190 488 1330 552; x_wconf 82' lang='lat' dir='ltr'>CAPUT</span> <span class='ocrx_word' id='word_1_5' title='bbox 1354 488 1378 551; x_wconf 93' lang='lat' dir='ltr'>l.</span> 
     </span>
    </p>
   </div>
   <div class='ocr_carea' id='block_1_2' title="bbox 321 677 1915 1153">
    <p class='ocr_par' dir='ltr' id='par_1_2' title="bbox 321 677 1915 1153">
     <span class='ocr_line' id='line_1_2' title="bbox 322 677 1910 780; baseline -0.007 -26"><span class='ocrx_word' id='word_1_6' title='bbox 322 707 453 755; x_wconf 89' lang='lat' dir='ltr'>sensus</span> <span class='ocrx_word' id='word_1_7' title='bbox 477 680 676 780; x_wconf 76' lang='lat' dir='ltr'>particulae</span> <span class='ocrx_word' id='word_1_8' title='bbox 701 720 751 776; x_wconf 46' lang='grc' dir='ltr'>»ῃ</span> <span class='ocrx_word' id='word_1_9' title='bbox 772 704 879 777; x_wconf 92' lang='lat' dir='ltr'>quem</span> <span class='ocrx_word' id='word_1_10' title='bbox 904 678 1084 777; x_wconf 79' lang='lat' dir='ltr'>elegimus</span> <span class='ocrx_word' id='word_1_11' title='bbox 1108 678 1190 751; x_wconf 90' lang='lat' dir='ltr'>ideo</span> <span class='ocrx_word' id='word_1_12' title='bbox 1215 678 1395 776; x_wconf 81' lang='lat' dir='ltr'>elegimus</span> <span class='ocrx_word' id='word_1_13' title='bbox 1415 677 1521 770; x_wconf 84' lang='lat' dir='ltr'>(duos</span> <span class='ocrx_word' id='word_1_14' title='bbox 1540 689 1661 750; x_wconf 90' lang='lat' dir='ltr'>tomos</span> <span class='ocrx_word' id='word_1_15' title='bbox 1686 697 1910 757; x_wconf 83' lang='lat' dir='ltr'>sermonum,</span> 
     </span>
     <span class='ocr_line' id='line_1_3' title="bbox 322 807 1913 913; baseline -0.008 -25"><span class='ocrx_word' id='word_1_16' title='bbox 322 840 387 888; x_wconf 88' lang='lat' dir='ltr'>scu</span> <span class='ocrx_word' id='word_1_17' title='bbox 409 814 693 913; x_wconf 77' lang='lat' dir='ltr'>complectentes</span> <span class='ocrx_word' id='word_1_18' title='bbox 714 816 931 907; x_wconf 86' lang='lat' dir='ltr'>sermones),</span> <span class='ocrx_word' id='word_1_19' title='bbox 954 837 999 884; x_wconf 92' lang='lat' dir='ltr'>ne</span> <span class='ocrx_word' id='word_1_20' title='bbox 1017 810 1203 883; x_wconf 86' lang='lat' dir='ltr'>videretur</span> <span class='ocrx_word' id='word_1_21' title='bbox 1223 809 1387 882; x_wconf 90' lang='lat' dir='ltr'>eruditus</span> <span class='ocrx_word' id='word_1_22' title='bbox 1406 807 1582 880; x_wconf 92' lang='lat' dir='ltr'>librorum</span> <span class='ocrx_word' id='word_1_23' title='bbox 1602 807 1776 879; x_wconf 81' lang='lat' dir='ltr'>collector</span> <span class='ocrx_word' id='word_1_24' title='bbox 1796 830 1913 878; x_wconf 90' lang='lat' dir='ltr'>errare</span> 
     </span>
     <span class='ocr_line' id='line_1_4' title="bbox 321 938 1915 1047; baseline -0.008 -25"><span class='ocrx_word' id='word_1_25' title='bbox 321 960 384 1022; x_wconf 90' lang='lat' dir='ltr'>aut</span> <span class='ocrx_word' id='word_1_26' title='bbox 408 948 615 1020; x_wconf 88' lang='lat' dir='ltr'>inaccurate</span> <span class='ocrx_word' id='word_1_27' title='bbox 639 946 757 1047; x_wconf 89' lang='lat' dir='ltr'>loqui,</span> <span class='ocrx_word' id='word_1_28' title='bbox 779 946 847 1018; x_wconf 91' lang='lat' dir='ltr'>hos</span> <span class='ocrx_word' id='word_1_29' title='bbox 867 946 960 1018; x_wconf 90' lang='lat' dir='ltr'>duos</span> <span class='ocrx_word' id='word_1_30' title='bbox 978 958 1097 1017; x_wconf 89' lang='lat' dir='ltr'>tomos</span> <span class='ocrx_word' id='word_1_31' title='bbox 1116 942 1478 1016; x_wconf 89' lang='lat' dir='ltr'>Demonstrationum</span> <span class='ocrx_word' id='word_1_32' title='bbox 1497 966 1518 1013; x_wconf 90' lang='lat' dir='ltr'>a</span> <span class='ocrx_word' id='word_1_33' title='bbox 1538 939 1769 1013; x_wconf 87' lang='lat' dir='ltr'>sermonibus</span> <span class='ocrx_word' id='word_1_34' title='bbox 1789 938 1915 1037; x_wconf 89' lang='lat' dir='ltr'>alpha-</span> 
     </span>
     <span class='ocr_line' id='line_1_5' title="bbox 323 1080 726 1153; baseline -0.005 -1"><span class='ocrx_word' id='word_1_35' title='bbox 323 1080 452 1153; x_wconf 92' lang='lat' dir='ltr'>beticis</span> <span class='ocrx_word' id='word_1_36' title='bbox 472 1080 726 1153; x_wconf 90' lang='lat' dir='ltr'>discernendo.</span> 
     </span>
    </p>
   </div>
   <div class='ocr_carea' id='block_1_3' title="bbox 318 1367 1920 2670">
    <p class='ocr_par' dir='ltr' id='par_1_3' title="bbox 318 1367 1920 2670">
     <span class='ocr_line' id='line_1_6' title="bbox 393 1367 1918 1470; baseline -0.006 -23"><span class='ocrx_word' id='word_1_37' title='bbox 393 1375 556 1447; x_wconf 82' lang='lat' dir='ltr'>&#39;landem</span> <span class='ocrx_word' id='word_1_38' title='bbox 576 1373 746 1447; x_wconf 89' lang='lat' dir='ltr'>librarius</span> <span class='ocrx_word' id='word_1_39' title='bbox 772 1373 900 1446; x_wconf 88' lang='lat' dir='ltr'>incerti</span> <span class='ocrx_word' id='word_1_40' title='bbox 925 1371 1101 1457; x_wconf 57' lang='lat' dir='ltr'>nominis</span> <span class='ocrx_word' id='word_1_41' title='bbox 1119 1372 1180 1470; x_wconf 90' lang='lat' dir='ltr'>qui</span> <span class='ocrx_word' id='word_1_42' title='bbox 1201 1397 1296 1444; x_wconf 92' lang='lat' dir='ltr'>anno</span> <span class='ocrx_word' id='word_1_43' title='bbox 1319 1371 1413 1442; x_wconf 86' lang='grc'>1364</span> <span class='ocrx_word' id='word_1_44' title='bbox 1430 1370 1613 1443; x_wconf 88' lang='lat' dir='ltr'>variorum</span> <span class='ocrx_word' id='word_1_45' title='bbox 1638 1393 1748 1466; x_wconf 90' lang='lat' dir='ltr'>opera</span> <span class='ocrx_word' id='word_1_46' title='bbox 1770 1367 1918 1466; x_wconf 88' lang='lat' dir='ltr'>collegit</span> 
     </span>
     <span class='ocr_line' id='line_1_7' title="bbox 318 1501 1918 1604; baseline -0.004 -25"><span class='ocrx_word' id='word_1_47' title='bbox 318 1507 448 1601; x_wconf 89' lang='lat' dir='ltr'>(Musei</span> <span class='ocrx_word' id='word_1_48' title='bbox 478 1506 678 1579; x_wconf 84' lang='lat' dir='ltr'>Britannici</span> <span class='ocrx_word' id='word_1_49' title='bbox 704 1507 794 1580; x_wconf 92' lang='lat' dir='ltr'>Cod.</span> <span class='ocrx_word' id='word_1_50' title='bbox 818 1505 959 1581; x_wconf 91' lang='lat' dir='ltr'>Orient.</span> <span class='ocrx_word' id='word_1_51' title='bbox 986 1506 1109 1599; x_wconf 85' lang='grc'>1017),</span> <span class='ocrx_word' id='word_1_52' title='bbox 1134 1504 1331 1604; x_wconf 89' lang='lat' dir='ltr'>Aphraatis</span> <span class='ocrx_word' id='word_1_53' title='bbox 1351 1502 1567 1589; x_wconf 84' lang='lat' dir='ltr'>chronicon,</span> <span class='ocrx_word' id='word_1_54' title='bbox 1587 1527 1651 1575; x_wconf 89' lang='lat' dir='ltr'>seu</span> <span class='ocrx_word' id='word_1_55' title='bbox 1670 1501 1820 1574; x_wconf 90' lang='lat' dir='ltr'>ultimae</span> <span class='ocrx_word' id='word_1_56' title='bbox 1845 1503 1918 1572; x_wconf 93' lang='lat' dir='ltr'>De-</span> 
     </span>
     <span class='ocr_line' id='line_1_8' title="bbox 321 1634 1918 1736; baseline -0.006 -25"><span class='ocrx_word' id='word_1_57' title='bbox 321 1639 597 1713; x_wconf 89' lang='lat' dir='ltr'>monstrationis</span> <span class='ocrx_word' id='word_1_58' title='bbox 621 1639 782 1727; x_wconf 90' lang='lat' dir='ltr'>initium,</span> <span class='ocrx_word' id='word_1_59' title='bbox 805 1638 898 1710; x_wconf 94' lang='lat' dir='ltr'>libro</span> <span class='ocrx_word' id='word_1_60' title='bbox 923 1664 989 1710; x_wconf 90' lang='lat' dir='ltr'>suo</span> <span class='ocrx_word' id='word_1_61' title='bbox 1014 1638 1185 1722; x_wconf 87' lang='lat' dir='ltr'>inseruit,</span> <span class='ocrx_word' id='word_1_62' title='bbox 1207 1637 1276 1710; x_wconf 91' lang='lat' dir='ltr'>hoc</span> <span class='ocrx_word' id='word_1_63' title='bbox 1301 1637 1501 1736; x_wconf 88' lang='lat' dir='ltr'>praemisso</span> <span class='ocrx_word' id='word_1_64' title='bbox 1526 1634 1634 1707; x_wconf 92' lang='lat' dir='ltr'>titulo</span> <span class='ocrx_word' id='word_1_65' title='bbox 1661 1661 1669 1704; x_wconf 89' lang='lat'>:</span> <span class='ocrx_word' id='word_1_66' title='bbox 1692 1660 1782 1733; x_wconf 44' lang='lat' dir='ltr'>&lt;aas</span> <span class='ocrx_word' id='word_1_67' title='bbox 1803 1653 1859 1713; x_wconf 63' lang='lat' dir='ltr'>rsa</span> <span class='ocrx_word' id='word_1_68' title='bbox 1881 1670 1918 1734; x_wconf 57' lang='grc' dir='ltr'>..ι</span> 
     </span>
     <span class='ocr_line' id='line_1_9' title="bbox 319 1770 1919 1886; baseline 0.001 -49"><span class='ocrx_word' id='word_1_69' title='bbox 319 1811 388 1866; x_wconf 43' lang='grc' dir='ltr'>,μ</span> <span class='ocrx_word' id='word_1_70' title='bbox 403 1791 501 1886; x_wconf 47' lang='lat' dir='ltr'>stat]</span> <span class='ocrx_word' id='word_1_71' title='bbox 518 1799 593 1842; x_wconf 61' lang='grc'>..0.</span> <span class='ocrx_word' id='word_1_72' title='bbox 611 1805 687 1873; x_wconf 52' lang='lat'>„2203</span> <span class='ocrx_word' id='word_1_73' title='bbox 705 1794 774 1852; x_wconf 64' lang='lat' dir='ltr'>a...</span> <span class='ocrx_word' id='word_1_74' title='bbox 792 1807 880 1842; x_wconf 59' lang='grc' dir='ltr'>ω.</span> <span class='ocrx_word' id='word_1_75' title='bbox 893 1810 937 1847; x_wconf 70' lang='lat' dir='ltr'>ss</span> <span class='ocrx_word' id='word_1_76' title='bbox 955 1786 1052 1859; x_wconf 57' lang='lat' dir='ltr'>aasz</span> <span class='ocrx_word' id='word_1_77' title='bbox 1073 1792 1179 1871; x_wconf 48' lang='grc' dir='ltr'>μω,</span> <span class='ocrx_word' id='word_1_78' title='bbox 1196 1791 1309 1870; x_wconf 48' lang='lat' dir='ltr'>ogig</span> <span class='ocrx_word' id='word_1_79' title='bbox 1325 1789 1423 1849; x_wconf 50' lang='lat' dir='ltr'>tamt</span> <span class='ocrx_word' id='word_1_80' title='bbox 1437 1772 1643 1842; x_wconf 76' lang='lat' dir='ltr'>Aemiliaate</span> <span class='ocrx_word' id='word_1_81' title='bbox 1659 1773 1721 1839; x_wconf 85' lang='lat' dir='ltr'>Dea</span> <span class='ocrx_word' id='word_1_82' title='bbox 1740 1770 1919 1840; x_wconf 82' lang='lat' dir='ltr'>scribimus</span> 
     </span>
     <span class='ocr_line' id='line_1_10' title="bbox 322 1904 1920 1998; baseline -0.004 -21"><span class='ocrx_word' id='word_1_83' title='bbox 322 1911 644 1978; x_wconf 73' lang='lat' dir='ltr'>demonstrationem</span> <span class='ocrx_word' id='word_1_84' title='bbox 663 1908 841 1990; x_wconf 74' lang='lat' dir='ltr'>dedeina,</span> <span class='ocrx_word' id='word_1_85' title='bbox 865 1907 1037 1998; x_wconf 84' lang='lat' dir='ltr'>Sapientis</span> <span class='ocrx_word' id='word_1_86' title='bbox 1060 1905 1264 1998; x_wconf 82' lang='lat' dir='ltr'>Aphraatis,</span> <span class='ocrx_word' id='word_1_87' title='bbox 1286 1907 1346 1998; x_wconf 87' lang='lat' dir='ltr'>qai</span> <span class='ocrx_word' id='word_1_88' title='bbox 1368 1916 1417 1975; x_wconf 84' lang='lat' dir='ltr'>est</span> <span class='ocrx_word' id='word_1_89' title='bbox 1434 1904 1589 1988; x_wconf 80' lang='lat' dir='ltr'>lacobus,</span> <span class='ocrx_word' id='word_1_90' title='bbox 1613 1905 1786 1996; x_wconf 80' lang='lat' dir='ltr'>episcopus</span> <span class='ocrx_word' id='word_1_91' title='bbox 1809 1905 1920 1972; x_wconf 84' lang='lat' dir='ltr'>sancti</span> 
     </span>
     <span class='ocr_line' id='line_1_11' title="bbox 321 2033 1919 2113; baseline -0.004 -3"><span class='ocrx_word' id='word_1_92' title='bbox 321 2041 494 2113; x_wconf 85' lang='lat' dir='ltr'>Matthaei.</span> <span class='ocrx_word' id='word_1_93' title='bbox 519 2044 604 2112; x_wconf 79' lang='lat' dir='ltr'>llius</span> <span class='ocrx_word' id='word_1_94' title='bbox 623 2041 731 2111; x_wconf 85' lang='lat' dir='ltr'>oratio</span> <span class='ocrx_word' id='word_1_95' title='bbox 752 2041 846 2110; x_wconf 83' lang='lat' dir='ltr'>nobis</span> <span class='ocrx_word' id='word_1_96' title='bbox 864 2039 968 2108; x_wconf 85' lang='lat' dir='ltr'>adsit.</span> <span class='ocrx_word' id='word_1_97' title='bbox 992 2038 1072 2108; x_wconf 92' lang='lat' dir='ltr'>Non</span> <span class='ocrx_word' id='word_1_98' title='bbox 1092 2035 1159 2108; x_wconf 87' lang='lat' dir='ltr'>abs</span> <span class='ocrx_word' id='word_1_99' title='bbox 1178 2061 1216 2108; x_wconf 90' lang='lat' dir='ltr'>re</span> <span class='ocrx_word' id='word_1_100' title='bbox 1237 2035 1306 2109; x_wconf 89' lang='lat' dir='ltr'>erit</span> <span class='ocrx_word' id='word_1_101' title='bbox 1325 2035 1614 2108; x_wconf 87' lang='lat' dir='ltr'>animadvertere</span> <span class='ocrx_word' id='word_1_102' title='bbox 1634 2033 1798 2106; x_wconf 90' lang='lat' dir='ltr'>codicem</span> <span class='ocrx_word' id='word_1_103' title='bbox 1818 2034 1919 2104; x_wconf 90' lang='lat' dir='ltr'>insu·</span> 
     </span>
     <span class='ocr_line' id='line_1_12' title="bbox 321 2168 1919 2272; baseline -0.004 -26"><span class='ocrx_word' id='word_1_104' title='bbox 321 2200 386 2272; x_wconf 89' lang='lat' dir='ltr'>per</span> <span class='ocrx_word' id='word_1_105' title='bbox 414 2171 721 2271; x_wconf 88' lang='lat' dir='ltr'>comprehendere</span> <span class='ocrx_word' id='word_1_106' title='bbox 751 2172 889 2270; x_wconf 86' lang='lat' dir='ltr'>aliquot</span> <span class='ocrx_word' id='word_1_107' title='bbox 921 2196 1032 2269; x_wconf 89' lang='lat' dir='ltr'>opera</span> <span class='ocrx_word' id='word_1_108' title='bbox 1063 2170 1237 2243; x_wconf 88' lang='lat' dir='ltr'>historica</span> <span class='ocrx_word' id='word_1_109' title='bbox 1266 2169 1434 2270; x_wconf 87' lang='lat' dir='ltr'>Gregorii</span> <span class='ocrx_word' id='word_1_110' title='bbox 1465 2169 1701 2253; x_wconf 90' lang='lat' dir='ltr'>Barhebraci,</span> <span class='ocrx_word' id='word_1_111' title='bbox 1725 2168 1762 2239; x_wconf 91' lang='lat' dir='ltr'>in</span> <span class='ocrx_word' id='word_1_112' title='bbox 1791 2169 1919 2242; x_wconf 91' lang='lat' dir='ltr'>eodem</span> 
     </span>
     <span class='ocr_line' id='line_1_13' title="bbox 320 2303 1920 2404; baseline -0.003 -27"><span class='ocrx_word' id='word_1_113' title='bbox 320 2306 541 2379; x_wconf 89' lang='lat' dir='ltr'>monasterio</span> <span class='ocrx_word' id='word_1_114' title='bbox 569 2305 685 2377; x_wconf 90' lang='lat' dir='ltr'>sancti</span> <span class='ocrx_word' id='word_1_115' title='bbox 712 2304 886 2378; x_wconf 87' lang='lat' dir='ltr'>Matthaei</span> <span class='ocrx_word' id='word_1_116' title='bbox 914 2305 1065 2404; x_wconf 86' lang='lat' dir='ltr'>sepulti,</span> <span class='ocrx_word' id='word_1_117' title='bbox 1088 2316 1124 2376; x_wconf 87' lang='lat' dir='ltr'>et</span> <span class='ocrx_word' id='word_1_118' title='bbox 1151 2303 1222 2376; x_wconf 91' lang='lat' dir='ltr'>alia</span> <span class='ocrx_word' id='word_1_119' title='bbox 1250 2303 1371 2377; x_wconf 90' lang='lat' dir='ltr'>lacobi</span> <span class='ocrx_word' id='word_1_120' title='bbox 1400 2303 1542 2390; x_wconf 88' lang='lat' dir='ltr'>Severi,</span> <span class='ocrx_word' id='word_1_121' title='bbox 1564 2303 1795 2403; x_wconf 81' lang='lat' dir='ltr'>&#39;lagritensis</span> <span class='ocrx_word' id='word_1_122' title='bbox 1822 2303 1920 2401; x_wconf 89' lang='lat' dir='ltr'>epis-</span> 
     </span>
     <span class='ocr_line' id='line_1_14' title="bbox 321 2435 1920 2537; baseline -0.003 -27"><span class='ocrx_word' id='word_1_123' title='bbox 321 2438 419 2537; x_wconf 92' lang='lat' dir='ltr'>copi,</span> <span class='ocrx_word' id='word_1_124' title='bbox 443 2439 625 2537; x_wconf 90' lang='lat' dir='ltr'>quondam</span> <span class='ocrx_word' id='word_1_125' title='bbox 653 2438 689 2509; x_wconf 93' lang='lat' dir='ltr'>in</span> <span class='ocrx_word' id='word_1_126' title='bbox 716 2438 844 2510; x_wconf 90' lang='lat' dir='ltr'>eodem</span> <span class='ocrx_word' id='word_1_127' title='bbox 872 2436 1048 2510; x_wconf 88' lang='lat' dir='ltr'>coenobio</span> <span class='ocrx_word' id='word_1_128' title='bbox 1075 2435 1262 2522; x_wconf 90' lang='lat' dir='ltr'>monaehi,</span> <span class='ocrx_word' id='word_1_129' title='bbox 1285 2449 1321 2509; x_wconf 89' lang='lat' dir='ltr'>ct</span> <span class='ocrx_word' id='word_1_130' title='bbox 1348 2436 1482 2508; x_wconf 88' lang='lat' dir='ltr'>ibidem</span> <span class='ocrx_word' id='word_1_131' title='bbox 1512 2436 1648 2534; x_wconf 90' lang='lat' dir='ltr'>pariter</span> <span class='ocrx_word' id='word_1_132' title='bbox 1673 2435 1824 2509; x_wconf 86' lang='lat' dir='ltr'>conditi.</span> <span class='ocrx_word' id='word_1_133' title='bbox 1848 2435 1920 2507; x_wconf 89' lang='lat' dir='ltr'>Sed</span> 
     </span>
     <span class='ocr_line' id='line_1_15' title="bbox 322 2569 1745 2670; baseline -0.003 -28"><span class='ocrx_word' id='word_1_134' title='bbox 322 2571 426 2670; x_wconf 90' lang='lat' dir='ltr'>plura</span> <span class='ocrx_word' id='word_1_135' title='bbox 447 2571 491 2643; x_wconf 90' lang='lat' dir='ltr'>de</span> <span class='ocrx_word' id='word_1_136' title='bbox 511 2571 580 2644; x_wconf 93' lang='lat' dir='ltr'>hoc</span> <span class='ocrx_word' id='word_1_137' title='bbox 600 2571 693 2643; x_wconf 87' lang='lat' dir='ltr'>libro</span> <span class='ocrx_word' id='word_1_138' title='bbox 714 2572 751 2642; x_wconf 89' lang='lat' dir='ltr'>in</span> <span class='ocrx_word' id='word_1_139' title='bbox 771 2571 936 2643; x_wconf 90' lang='lat' dir='ltr'>codicum</span> <span class='ocrx_word' id='word_1_140' title='bbox 956 2583 1164 2642; x_wconf 87' lang='lat' dir='ltr'>nostrorum</span> <span class='ocrx_word' id='word_1_141' title='bbox 1185 2569 1430 2668; x_wconf 89' lang='lat' dir='ltr'>descriptione</span> <span class='ocrx_word' id='word_1_142' title='bbox 1451 2569 1607 2642; x_wconf 88' lang='lat' dir='ltr'>dicenda</span> <span class='ocrx_word' id='word_1_143' title='bbox 1627 2582 1745 2642; x_wconf 88' lang='lat' dir='ltr'>erunt.</span> 
     </span>
    </p>
   </div>
   <div class='ocr_carea' id='block_1_4' title="bbox 321 2863 1923 4825">
    <p class='ocr_par' dir='ltr' id='par_1_4' title="bbox 322 2863 1921 3203">
     <span class='ocr_line' id='line_1_16' title="bbox 396 2863 1917 2963; baseline -0.001 -26"><span class='ocrx_word' id='word_1_144' title='bbox 396 2866 462 2938; x_wconf 90' lang='lat' dir='ltr'>His</span> <span class='ocrx_word' id='word_1_145' title='bbox 482 2877 623 2963; x_wconf 87' lang='lat' dir='ltr'>septem</span> <span class='ocrx_word' id='word_1_146' title='bbox 641 2878 806 2936; x_wconf 78' lang='lat' dir='ltr'>veterum</span> <span class='ocrx_word' id='word_1_147' title='bbox 824 2863 946 2936; x_wconf 76' lang='lat' dir='ltr'>verbis</span> <span class='ocrx_word' id='word_1_148' title='bbox 965 2865 1141 2936; x_wconf 88' lang='lat' dir='ltr'>accedant</span> <span class='ocrx_word' id='word_1_149' title='bbox 1160 2864 1438 2936; x_wconf 86' lang='lat' dir='ltr'>amanuensium</span> <span class='ocrx_word' id='word_1_150' title='bbox 1459 2878 1667 2937; x_wconf 89' lang='lat' dir='ltr'>nostrorum</span> <span class='ocrx_word' id='word_1_151' title='bbox 1686 2864 1917 2949; x_wconf 86' lang='lat' dir='ltr'>testimonia,</span> 
     </span>
     <span class='ocr_line' id='line_1_17' title="bbox 324 2996 1921 3097; baseline -0.001 -27"><span class='ocrx_word' id='word_1_152' title='bbox 324 2997 456 3097; x_wconf 89' lang='lat' dir='ltr'>quibus</span> <span class='ocrx_word' id='word_1_153' title='bbox 476 2997 653 3083; x_wconf 77' lang='lat' dir='ltr'>auctoriS,</span> <span class='ocrx_word' id='word_1_154' title='bbox 677 2996 738 3095; x_wconf 91' lang='lat' dir='ltr'>qui</span> <span class='ocrx_word' id='word_1_155' title='bbox 758 2997 803 3069; x_wconf 90' lang='lat' dir='ltr'>de</span> <span class='ocrx_word' id='word_1_156' title='bbox 824 3022 862 3068; x_wconf 91' lang='lat' dir='ltr'>se</span> <span class='ocrx_word' id='word_1_157' title='bbox 884 2996 963 3094; x_wconf 90' lang='lat' dir='ltr'>ipso</span> <span class='ocrx_word' id='word_1_158' title='bbox 983 3021 1154 3093; x_wconf 88' lang='lat' dir='ltr'>expresse</span> <span class='ocrx_word' id='word_1_159' title='bbox 1175 2996 1361 3083; x_wconf 78' lang='lat' dir='ltr'>sduerat‘,</span> <span class='ocrx_word' id='word_1_160' title='bbox 1379 3023 1512 3069; x_wconf 88' lang='lat' dir='ltr'>nomen</span> <span class='ocrx_word' id='word_1_161' title='bbox 1532 2997 1664 3070; x_wconf 87' lang='lat' dir='ltr'>iterum</span> <span class='ocrx_word' id='word_1_162' title='bbox 1683 2997 1861 3095; x_wconf 88' lang='lat' dir='ltr'>proditur,</span> <span class='ocrx_word' id='word_1_163' title='bbox 1884 3010 1921 3068; x_wconf 91' lang='lat' dir='ltr'>et</span> 
     </span>
     <span class='ocr_line' id='line_1_18' title="bbox 322 3130 654 3203; baseline 0 0"><span class='ocrx_word' id='word_1_164' title='bbox 322 3131 417 3203; x_wconf 84' lang='lat' dir='ltr'>lama</span> <span class='ocrx_word' id='word_1_165' title='bbox 437 3130 654 3203; x_wconf 85' lang='lat' dir='ltr'>declaratur.</span> 
     </span>
    </p>

    <p class='ocr_par' dir='ltr' id='par_1_5' title="bbox 321 3261 1922 3889">
     <span class='ocr_line' id='line_1_19' title="bbox 396 3261 1922 3363; baseline -0.001 -27"><span class='ocrx_word' id='word_1_166' title='bbox 396 3268 434 3336; x_wconf 93' lang='lat' dir='ltr'>ln</span> <span class='ocrx_word' id='word_1_167' title='bbox 454 3264 571 3363; x_wconf 91' lang='lat' dir='ltr'>primo</span> <span class='ocrx_word' id='word_1_168' title='bbox 590 3263 733 3349; x_wconf 89' lang='lat' dir='ltr'>codiee,</span> <span class='ocrx_word' id='word_1_169' title='bbox 752 3262 839 3335; x_wconf 94' lang='grc'>10110</span> <span class='ocrx_word' id='word_1_170' title='bbox 859 3263 994 3362; x_wconf 90' lang='lat' dir='ltr'>primo,</span> <span class='ocrx_word' id='word_1_171' title='bbox 1013 3263 1127 3334; x_wconf 90' lang='lat' dir='ltr'>lector</span> <span class='ocrx_word' id='word_1_172' title='bbox 1146 3261 1292 3360; x_wconf 90' lang='lat' dir='ltr'>quidam</span> <span class='ocrx_word' id='word_1_173' title='bbox 1309 3262 1518 3360; x_wconf 83' lang='lat' dir='ltr'>Sapientem</span> <span class='ocrx_word' id='word_1_174' title='bbox 1535 3266 1682 3335; x_wconf 89' lang='lat' dir='ltr'>Persam</span> <span class='ocrx_word' id='word_1_175' title='bbox 1701 3266 1865 3335; x_wconf 82' lang='lat' dir='ltr'>doctorem</span> <span class='ocrx_word' id='word_1_176' title='bbox 1885 3276 1922 3335; x_wconf 89' lang='lat' dir='ltr'>et</span> 
     </span>
     <span class='ocr_line' id='line_1_20' title="bbox 321 3394 1917 3493; baseline -0.001 -24"><span class='ocrx_word' id='word_1_177' title='bbox 321 3402 432 3470; x_wconf 82' lang='lat' dir='ltr'>viram</span> <span class='ocrx_word' id='word_1_178' title='bbox 459 3403 633 3491; x_wconf 67' lang='lat' dir='ltr'>egregium</span> <span class='ocrx_word' id='word_1_179' title='bbox 653 3397 812 3481; x_wconf 88' lang='lat' dir='ltr'>vocavit,</span> <span class='ocrx_word' id='word_1_180' title='bbox 835 3395 914 3468; x_wconf 90' lang='lat' dir='ltr'>eius</span> <span class='ocrx_word' id='word_1_181' title='bbox 939 3395 1140 3468; x_wconf 89' lang='lat' dir='ltr'>orationem</span> <span class='ocrx_word' id='word_1_182' title='bbox 1161 3394 1372 3493; x_wconf 86' lang='lat' dir='ltr'>implorans.</span> <span class='ocrx_word' id='word_1_183' title='bbox 1395 3396 1496 3487; x_wconf 89' lang='lat' dir='ltr'>(Cod.</span> <span class='ocrx_word' id='word_1_184' title='bbox 1523 3397 1572 3481; x_wconf 90' lang='lat' dir='ltr'>A,</span> <span class='ocrx_word' id='word_1_185' title='bbox 1596 3395 1659 3468; x_wconf 94' lang='grc'>101.</span> <span class='ocrx_word' id='word_1_186' title='bbox 1689 3398 1701 3466; x_wconf 93' lang='grc'>1</span> <span class='ocrx_word' id='word_1_187' title='bbox 1724 3400 1771 3489; x_wconf 87' lang='grc'>0).</span> <span class='ocrx_word' id='word_1_188' title='bbox 1794 3396 1917 3482; x_wconf 84' lang='lat' dir='ltr'>Alius,</span> 
     </span>
     <span class='ocr_line' id='line_1_21' title="bbox 322 3528 1921 3628; baseline -0.003 -24"><span class='ocrx_word' id='word_1_189' title='bbox 322 3531 509 3604; x_wconf 88' lang='lat' dir='ltr'>Zachaeus</span> <span class='ocrx_word' id='word_1_190' title='bbox 537 3531 700 3616; x_wconf 89' lang='lat' dir='ltr'>nomine,</span> <span class='ocrx_word' id='word_1_191' title='bbox 728 3529 912 3602; x_wconf 86' lang='lat' dir='ltr'>clausulae</span> <span class='ocrx_word' id='word_1_192' title='bbox 939 3528 1038 3601; x_wconf 85' lang='lat' dir='ltr'>finali</span> <span class='ocrx_word' id='word_1_193' title='bbox 1063 3529 1195 3628; x_wconf 88' lang='lat' dir='ltr'>viginti</span> <span class='ocrx_word' id='word_1_194' title='bbox 1220 3529 1372 3601; x_wconf 88' lang='lat' dir='ltr'>duarum</span> <span class='ocrx_word' id='word_1_195' title='bbox 1397 3529 1633 3627; x_wconf 84' lang='lat' dir='ltr'>epistolarum</span> <span class='ocrx_word' id='word_1_196' title='bbox 1658 3530 1799 3602; x_wconf 90' lang='lat' dir='ltr'>addidit</span> <span class='ocrx_word' id='word_1_197' title='bbox 1823 3557 1831 3600; x_wconf 79' lang='lat' dir='ltr'>t</span> <span class='ocrx_word' id='word_1_198' title='bbox 1858 3535 1921 3603; x_wconf 87' lang='lat' dir='ltr'>Hir</span> 
     </span>
     <span class='ocr_line' id='line_1_22' title="bbox 322 3664 1917 3758; baseline -0.003 -21"><span class='ocrx_word' id='word_1_199' title='bbox 322 3667 464 3758; x_wconf 80' lang='lat' dir='ltr'>Sapiens</span> <span class='ocrx_word' id='word_1_200' title='bbox 483 3669 588 3736; x_wconf 87' lang='lat' dir='ltr'>Persa</span> <span class='ocrx_word' id='word_1_201' title='bbox 606 3669 659 3737; x_wconf 84' lang='lat' dir='ltr'>cir</span> <span class='ocrx_word' id='word_1_202' title='bbox 669 3670 837 3758; x_wconf 75' lang='lat' dir='ltr'>perfectas</span> <span class='ocrx_word' id='word_1_203' title='bbox 851 3666 937 3757; x_wconf 60' lang='lat' dir='ltr'>suit·</span> <span class='ocrx_word' id='word_1_204' title='bbox 953 3668 1026 3735; x_wconf 72' lang='lat' dir='ltr'>ciris</span> <span class='ocrx_word' id='word_1_205' title='bbox 1040 3666 1139 3734; x_wconf 80' lang='lat' dir='ltr'>cerlo</span> <span class='ocrx_word' id='word_1_206' title='bbox 1154 3677 1186 3734; x_wconf 85' lang='lat' dir='ltr'>et</span> <span class='ocrx_word' id='word_1_207' title='bbox 1200 3665 1354 3734; x_wconf 80' lang='lat' dir='ltr'>doctrina</span> <span class='ocrx_word' id='word_1_208' title='bbox 1368 3665 1408 3735; x_wconf 84' lang='lat' dir='ltr'>de</span> <span class='ocrx_word' id='word_1_209' title='bbox 1425 3667 1495 3756; x_wconf 86' lang='lat' dir='ltr'>ipso</span> <span class='ocrx_word' id='word_1_210' title='bbox 1510 3667 1739 3735; x_wconf 84' lang='lat' dir='ltr'>testimoniam</span> <span class='ocrx_word' id='word_1_211' title='bbox 1758 3664 1917 3735; x_wconf 82' lang='lat' dir='ltr'>reddant.</span> 
     </span>
     <span class='ocr_line' id='line_1_23' title="bbox 322 3795 1109 3889; baseline -0.003 -21"><span class='ocrx_word' id='word_1_212' title='bbox 322 3801 433 3869; x_wconf 85' lang='lat' dir='ltr'>Huius</span> <span class='ocrx_word' id='word_1_213' title='bbox 452 3803 561 3870; x_wconf 84' lang='lat' dir='ltr'>oratio</span> <span class='ocrx_word' id='word_1_214' title='bbox 581 3800 676 3869; x_wconf 85' lang='lat' dir='ltr'>nabis</span> <span class='ocrx_word' id='word_1_215' title='bbox 695 3799 799 3869; x_wconf 85' lang='lat' dir='ltr'>adsit.</span> <span class='ocrx_word' id='word_1_216' title='bbox 822 3798 867 3888; x_wconf 88' lang='lat' dir='ltr'>(A</span> <span class='ocrx_word' id='word_1_217' title='bbox 887 3795 950 3867; x_wconf 90' lang='grc'>101.</span> <span class='ocrx_word' id='word_1_218' title='bbox 978 3797 1046 3866; x_wconf 80' lang='grc'>154</span> <span class='ocrx_word' id='word_1_219' title='bbox 1065 3799 1109 3889; x_wconf 83' lang='lat' dir='ltr'>b).</span> 
     </span>
    </p>

    <p class='ocr_par' dir='ltr' id='par_1_6' title="bbox 322 3929 1923 4558">
     <span class='ocr_line' id='line_1_24' title="bbox 396 3929 1917 4028; baseline -0.001 -26"><span class='ocrx_word' id='word_1_220' title='bbox 396 3929 498 4002; x_wconf 88' lang='lat' dir='ltr'>Alter</span> <span class='ocrx_word' id='word_1_221' title='bbox 518 3931 633 4002; x_wconf 85' lang='lat' dir='ltr'>codex</span> <span class='ocrx_word' id='word_1_222' title='bbox 652 3942 735 4028; x_wconf 90' lang='lat' dir='ltr'>post</span> <span class='ocrx_word' id='word_1_223' title='bbox 754 3929 919 4001; x_wconf 88' lang='lat' dir='ltr'>ultimam</span> <span class='ocrx_word' id='word_1_224' title='bbox 940 3930 1297 4001; x_wconf 85' lang='lat' dir='ltr'>Demonstrationem</span> <span class='ocrx_word' id='word_1_225' title='bbox 1321 3930 1467 4003; x_wconf 86' lang='lat' dir='ltr'>exhibet</span> <span class='ocrx_word' id='word_1_226' title='bbox 1492 3931 1585 4002; x_wconf 88' lang='lat' dir='ltr'>hanc</span> <span class='ocrx_word' id='word_1_227' title='bbox 1605 3930 1743 4002; x_wconf 86' lang='lat' dir='ltr'>librarii</span> <span class='ocrx_word' id='word_1_228' title='bbox 1763 3943 1887 4003; x_wconf 87' lang='lat' dir='ltr'>notam</span> <span class='ocrx_word' id='word_1_229' title='bbox 1910 3957 1917 4001; x_wconf 76' lang='grc' dir='ltr'><strong><em>ε</em></strong></span> 
     </span>
     <span class='ocr_line' id='line_1_25' title="bbox 322 4064 1921 4157; baseline 0 -22"><span class='ocrx_word' id='word_1_230' title='bbox 322 4065 483 4135; x_wconf 84' lang='lat' dir='ltr'>Absoluta</span> <span class='ocrx_word' id='word_1_231' title='bbox 506 4076 555 4134; x_wconf 85' lang='lat' dir='ltr'>cst</span> <span class='ocrx_word' id='word_1_232' title='bbox 577 4067 614 4133; x_wconf 82' lang='lat' dir='ltr'>ia</span> <span class='ocrx_word' id='word_1_233' title='bbox 639 4065 699 4134; x_wconf 87' lang='lat' dir='ltr'>hoc</span> <span class='ocrx_word' id='word_1_234' title='bbox 722 4065 807 4135; x_wconf 83' lang='lat' dir='ltr'>libro</span> <span class='ocrx_word' id='word_1_235' title='bbox 835 4064 1013 4154; x_wconf 82' lang='lat' dir='ltr'>descriptio</span> <span class='ocrx_word' id='word_1_236' title='bbox 1040 4066 1192 4133; x_wconf 83' lang='lat' dir='ltr'>omnium</span> <span class='ocrx_word' id='word_1_237' title='bbox 1220 4065 1440 4157; x_wconf 82' lang='lat' dir='ltr'>epistolarum</span> <span class='ocrx_word' id='word_1_238' title='bbox 1465 4068 1577 4135; x_wconf 78' lang='lat' dir='ltr'>soracti</span> <span class='ocrx_word' id='word_1_239' title='bbox 1601 4067 1729 4150; x_wconf 85' lang='lat' dir='ltr'>larabi,</span> <span class='ocrx_word' id='word_1_240' title='bbox 1749 4066 1921 4157; x_wconf 81' lang='lat' dir='ltr'>Sapientis</span> 
     </span>
     <span class='ocr_line' id='line_1_26' title="bbox 322 4193 1921 4295; baseline -0.001 -27"><span class='ocrx_word' id='word_1_241' title='bbox 322 4201 444 4268; x_wconf 80' lang='lat' dir='ltr'>Persae</span> <span class='ocrx_word' id='word_1_242' title='bbox 459 4196 501 4293; x_wconf 88' lang='lat' dir='ltr'>(B</span> <span class='ocrx_word' id='word_1_243' title='bbox 516 4194 578 4266; x_wconf 94' lang='grc'>101.</span> <span class='ocrx_word' id='word_1_244' title='bbox 601 4195 669 4267; x_wconf 92' lang='grc'>174</span> <span class='ocrx_word' id='word_1_245' title='bbox 684 4195 736 4291; x_wconf 84' lang='grc'>0);</span> <span class='ocrx_word' id='word_1_246' title='bbox 755 4206 804 4278; x_wconf 91' lang='lat' dir='ltr'>et,</span> <span class='ocrx_word' id='word_1_247' title='bbox 822 4194 967 4265; x_wconf 85' lang='lat' dir='ltr'>inversa</span> <span class='ocrx_word' id='word_1_248' title='bbox 983 4193 1125 4281; x_wconf 86' lang='lat' dir='ltr'>charta,</span> <span class='ocrx_word' id='word_1_249' title='bbox 1144 4194 1264 4267; x_wconf 91' lang='lat' dir='ltr'>scriba</span> <span class='ocrx_word' id='word_1_250' title='bbox 1279 4194 1412 4267; x_wconf 92' lang='lat' dir='ltr'>bonam</span> <span class='ocrx_word' id='word_1_251' title='bbox 1432 4209 1468 4268; x_wconf 91' lang='lat' dir='ltr'>et</span> <span class='ocrx_word' id='word_1_252' title='bbox 1488 4195 1689 4295; x_wconf 90' lang='lat' dir='ltr'>gloriosam</span> <span class='ocrx_word' id='word_1_253' title='bbox 1709 4195 1921 4268; x_wconf 90' lang='lat' dir='ltr'>memoriam</span> 
     </span>
     <span class='ocr_line' id='line_1_27' title="bbox 324 4325 1923 4427; baseline 0.001 -28"><span class='ocrx_word' id='word_1_254' title='bbox 324 4340 543 4425; x_wconf 90' lang='lat' dir='ltr'>apprecatur</span> <span class='ocrx_word' id='word_1_255' title='bbox 566 4327 598 4398; x_wconf 91' lang='lat' dir='ltr'>ei</span> <span class='ocrx_word' id='word_1_256' title='bbox 622 4327 684 4424; x_wconf 94' lang='lat' dir='ltr'>qui</span> <span class='ocrx_word' id='word_1_257' title='bbox 708 4325 1062 4424; x_wconf 90' lang='lat' dir='ltr'>praestantissimum</span> <span class='ocrx_word' id='word_1_258' title='bbox 1084 4326 1295 4399; x_wconf 89' lang='lat' dir='ltr'>thesaurum</span> <span class='ocrx_word' id='word_1_259' title='bbox 1317 4328 1514 4427; x_wconf 87' lang='lat' dir='ltr'>adquisivit</span> <span class='ocrx_word' id='word_1_260' title='bbox 1536 4328 1709 4401; x_wconf 89' lang='lat' dir='ltr'>librorum</span> <span class='ocrx_word' id='word_1_261' title='bbox 1730 4330 1847 4401; x_wconf 89' lang='lat' dir='ltr'>sancti</span> <span class='ocrx_word' id='word_1_262' title='bbox 1863 4333 1923 4401; x_wconf 93' lang='lat' dir='ltr'>la-</span> 
     </span>
     <span class='ocr_line' id='line_1_28' title="bbox 323 4459 1087 4558; baseline 0 -26"><span class='ocrx_word' id='word_1_263' title='bbox 323 4460 422 4545; x_wconf 91' lang='lat' dir='ltr'>cobi,</span> <span class='ocrx_word' id='word_1_264' title='bbox 449 4459 632 4558; x_wconf 91' lang='lat' dir='ltr'>Sapientis</span> <span class='ocrx_word' id='word_1_265' title='bbox 653 4462 785 4531; x_wconf 86' lang='lat' dir='ltr'>Persae</span> <span class='ocrx_word' id='word_1_266' title='bbox 805 4463 845 4552; x_wconf 85' lang='lat' dir='ltr'>(B</span> <span class='ocrx_word' id='word_1_267' title='bbox 865 4459 928 4532; x_wconf 92' lang='grc'>101.</span> <span class='ocrx_word' id='word_1_268' title='bbox 955 4460 1024 4531; x_wconf 91' lang='grc'>174</span> <span class='ocrx_word' id='word_1_269' title='bbox 1043 4464 1087 4548; x_wconf 84' lang='lat' dir='ltr'>b).</span> 
     </span>
    </p>

    <p class='ocr_par' dir='ltr' id='par_1_7' title="bbox 325 4591 1922 4825">
     <span class='ocr_line' id='line_1_29' title="bbox 398 4591 1922 4695; baseline 0.002 -29"><span class='ocrx_word' id='word_1_270' title='bbox 398 4593 534 4666; x_wconf 93' lang='lat' dir='ltr'>Ultimo</span> <span class='ocrx_word' id='word_1_271' title='bbox 554 4592 700 4665; x_wconf 91' lang='lat' dir='ltr'>demum</span> <span class='ocrx_word' id='word_1_272' title='bbox 719 4591 808 4664; x_wconf 90' lang='lat' dir='ltr'>haec</span> <span class='ocrx_word' id='word_1_273' title='bbox 829 4593 1015 4666; x_wconf 89' lang='lat' dir='ltr'>adnotatio</span> <span class='ocrx_word' id='word_1_274' title='bbox 1036 4593 1241 4691; x_wconf 84' lang='lat' dir='ltr'>proferatur</span> <span class='ocrx_word' id='word_1_275' title='bbox 1260 4596 1431 4694; x_wconf 89' lang='lat' dir='ltr'>anonymi</span> <span class='ocrx_word' id='word_1_276' title='bbox 1457 4596 1646 4695; x_wconf 91' lang='lat' dir='ltr'>scriptoris</span> <span class='ocrx_word' id='word_1_277' title='bbox 1664 4595 1763 4669; x_wconf 89' lang='lat' dir='ltr'>tertii</span> <span class='ocrx_word' id='word_1_278' title='bbox 1784 4597 1922 4669; x_wconf 89' lang='lat' dir='ltr'>codicis</span> 
     </span>
     <span class='ocr_line' id='line_1_30' title="bbox 325 4727 1898 4825; baseline 0.003 -26"><span class='ocrx_word' id='word_1_279' title='bbox 325 4727 442 4799; x_wconf 86' lang='lat' dir='ltr'>nostri</span> <span class='ocrx_word' id='word_1_280' title='bbox 470 4754 477 4797; x_wconf 93' lang='lat'>:</span> <span class='ocrx_word' id='word_1_281' title='bbox 501 4730 643 4821; x_wconf 84' lang='lat' dir='ltr'>Sapiens</span> <span class='ocrx_word' id='word_1_282' title='bbox 662 4729 850 4820; x_wconf 80' lang='lat' dir='ltr'>Aphraatcs</span> <span class='ocrx_word' id='word_1_283' title='bbox 869 4740 917 4798; x_wconf 85' lang='lat' dir='ltr'>est</span> <span class='ocrx_word' id='word_1_284' title='bbox 936 4729 1090 4811; x_wconf 84' lang='lat' dir='ltr'>lacobus,</span> <span class='ocrx_word' id='word_1_285' title='bbox 1114 4732 1287 4822; x_wconf 85' lang='lat' dir='ltr'>episcopas</span> <span class='ocrx_word' id='word_1_286' title='bbox 1306 4733 1418 4800; x_wconf 83' lang='lat' dir='ltr'>sancti</span> <span class='ocrx_word' id='word_1_287' title='bbox 1435 4732 1599 4802; x_wconf 81' lang='lat' dir='ltr'>Matthaei</span> <span class='ocrx_word' id='word_1_288' title='bbox 1618 4729 1658 4821; x_wconf 84' lang='lat' dir='ltr'>(C</span> <span class='ocrx_word' id='word_1_289' title='bbox 1679 4728 1746 4800; x_wconf 92' lang='grc'>101.</span> <span class='ocrx_word' id='word_1_290' title='bbox 1769 4730 1837 4801; x_wconf 81' lang='grc'>159</span> <span class='ocrx_word' id='word_1_291' title='bbox 1851 4736 1898 4825; x_wconf 85' lang='grc'>0).</span> 
     </span>
    </p>
   </div>
   <div class='ocr_carea' id='block_1_5' title="bbox 325 5029 1926 5251">
    <p class='ocr_par' dir='ltr' id='par_1_8' title="bbox 325 5029 1926 5251">
     <span class='ocr_line' id='line_1_31' title="bbox 396 5029 1925 5132; baseline 0.003 -32"><span class='ocrx_word' id='word_1_292' title='bbox 396 5031 445 5101; x_wconf 91' lang='lat' dir='ltr'>At</span> <span class='ocrx_word' id='word_1_293' title='bbox 464 5029 697 5127; x_wconf 91' lang='lat' dir='ltr'>paucioribus</span> <span class='ocrx_word' id='word_1_294' title='bbox 717 5031 878 5128; x_wconf 85' lang='lat' dir='ltr'>exeeptis</span> <span class='ocrx_word' id='word_1_295' title='bbox 898 5045 1086 5104; x_wconf 91' lang='lat' dir='ltr'>auctorum</span> <span class='ocrx_word' id='word_1_296' title='bbox 1106 5031 1197 5104; x_wconf 91' lang='lat' dir='ltr'>locis</span> <span class='ocrx_word' id='word_1_297' title='bbox 1217 5056 1327 5130; x_wconf 92' lang='lat' dir='ltr'>supra</span> <span class='ocrx_word' id='word_1_298' title='bbox 1347 5032 1489 5118; x_wconf 89' lang='lat' dir='ltr'>relatis,</span> <span class='ocrx_word' id='word_1_299' title='bbox 1513 5032 1603 5104; x_wconf 93' lang='lat' dir='ltr'>nihil</span> <span class='ocrx_word' id='word_1_300' title='bbox 1623 5032 1722 5105; x_wconf 90' lang='lat' dir='ltr'>aliud</span> <span class='ocrx_word' id='word_1_301' title='bbox 1742 5032 1787 5105; x_wconf 92' lang='lat' dir='ltr'>de</span> <span class='ocrx_word' id='word_1_302' title='bbox 1808 5032 1925 5132; x_wconf 90' lang='lat' dir='ltr'>ipsius</span> 
     </span>
     <span class='ocr_line' id='line_1_32' title="bbox 325 5162 1926 5251; baseline 0.003 -17"><span class='ocrx_word' id='word_1_303' title='bbox 325 5163 399 5235; x_wconf 86' lang='lat' dir='ltr'>vita</span> <span class='ocrx_word' id='word_1_304' title='bbox 424 5176 460 5236; x_wconf 91' lang='lat' dir='ltr'>et</span> <span class='ocrx_word' id='word_1_305' title='bbox 483 5162 592 5235; x_wconf 91' lang='lat' dir='ltr'>rebus</span> <span class='ocrx_word' id='word_1_306' title='bbox 616 5165 726 5251; x_wconf 89' lang='lat' dir='ltr'>actis,</span> <span class='ocrx_word' id='word_1_307' title='bbox 749 5176 867 5237; x_wconf 87' lang='lat' dir='ltr'>aetate</span> <span class='ocrx_word' id='word_1_308' title='bbox 893 5179 929 5237; x_wconf 91' lang='lat' dir='ltr'>et</span> <span class='ocrx_word' id='word_1_309' title='bbox 952 5164 1032 5237; x_wconf 95' lang='lat' dir='ltr'>loco</span> <span class='ocrx_word' id='word_1_310' title='bbox 1057 5164 1312 5249; x_wconf 88' lang='lat' dir='ltr'>habitationis,</span> <span class='ocrx_word' id='word_1_311' title='bbox 1331 5165 1527 5237; x_wconf 89' lang='lat' dir='ltr'>memoriae</span> <span class='ocrx_word' id='word_1_312' title='bbox 1552 5165 1763 5238; x_wconf 86' lang='lat' dir='ltr'>mandatum</span> <span class='ocrx_word' id='word_1_313' title='bbox 1788 5166 1926 5239; x_wconf 89' lang='lat' dir='ltr'>hucus-</span> 
     </span>
    </p>
   </div>
   <div class='ocr_carea' id='block_1_6' title="bbox 326 5297 2049 5397">
    <p class='ocr_par' dir='ltr' id='par_1_9' title="bbox 326 5297 2049 5397">
     <span class='ocr_line' id='line_1_33' title="bbox 326 5297 2049 5397; baseline 0.002 -29"><span class='ocrx_word' id='word_1_314' title='bbox 326 5322 395 5395; x_wconf 85' lang='lat' dir='ltr'>que</span> <span class='ocrx_word' id='word_1_315' title='bbox 427 5297 611 5383; x_wconf 87' lang='lat' dir='ltr'>novimus;</span> <span class='ocrx_word' id='word_1_316' title='bbox 634 5311 669 5369; x_wconf 90' lang='lat' dir='ltr'>ct</span> <span class='ocrx_word' id='word_1_317' title='bbox 698 5323 789 5395; x_wconf 91' lang='lat' dir='ltr'>quae</span> <span class='ocrx_word' id='word_1_318' title='bbox 822 5298 1027 5396; x_wconf 88' lang='lat' dir='ltr'>Aphraates</span> <span class='ocrx_word' id='word_1_319' title='bbox 1059 5297 1137 5396; x_wconf 90' lang='lat' dir='ltr'>ipse</span> <span class='ocrx_word' id='word_1_320' title='bbox 1170 5298 1214 5370; x_wconf 91' lang='lat' dir='ltr'>de</span> <span class='ocrx_word' id='word_1_321' title='bbox 1244 5323 1283 5370; x_wconf 90' lang='lat' dir='ltr'>se</span> <span class='ocrx_word' id='word_1_322' title='bbox 1315 5297 1461 5370; x_wconf 89' lang='lat' dir='ltr'>silentio</span> <span class='ocrx_word' id='word_1_323' title='bbox 1494 5298 1756 5397; x_wconf 90' lang='lat' dir='ltr'>praetermisit,</span> <span class='ocrx_word' id='word_1_324' title='bbox 1781 5299 1922 5383; x_wconf 89' lang='lat' dir='ltr'>nullus,</span> <span class='ocrx_word' id='word_1_325' title='bbox 2048 5376 2049 5379; x_wconf 50' lang='lat'>,</span> 
     </span>
    </p>
   </div>
   <div class='ocr_carea' id='block_1_7' title="bbox 327 5430 1924 5531">
    <p class='ocr_par' dir='ltr' id='par_1_10' title="bbox 327 5430 1924 5531">
     <span class='ocr_line' id='line_1_34' title="bbox 327 5430 1924 5531; baseline 0.002 -28"><span class='ocrx_word' id='word_1_326' title='bbox 327 5430 424 5529; x_wconf 86' lang='lat' dir='ltr'>quod</span> <span class='ocrx_word' id='word_1_327' title='bbox 448 5431 577 5515; x_wconf 90' lang='lat' dir='ltr'>sciam,</span> <span class='ocrx_word' id='word_1_328' title='bbox 601 5443 789 5503; x_wconf 88' lang='lat' dir='ltr'>auctorum</span> <span class='ocrx_word' id='word_1_329' title='bbox 813 5431 1043 5529; x_wconf 77' lang='lat' dir='ltr'>conscripsit.</span> <span class='ocrx_word' id='word_1_330' title='bbox 1067 5434 1164 5503; x_wconf 88' lang='lat' dir='ltr'>Haec</span> <span class='ocrx_word' id='word_1_331' title='bbox 1190 5431 1303 5531; x_wconf 88' lang='lat' dir='ltr'>igitur</span> <span class='ocrx_word' id='word_1_332' title='bbox 1328 5431 1504 5503; x_wconf 89' lang='lat' dir='ltr'>duntaxat</span> <span class='ocrx_word' id='word_1_333' title='bbox 1527 5445 1683 5529; x_wconf 88' lang='lat' dir='ltr'>possunt</span> <span class='ocrx_word' id='word_1_334' title='bbox 1708 5432 1811 5519; x_wconf 90' lang='lat' dir='ltr'>sciri,</span> <span class='ocrx_word' id='word_1_335' title='bbox 1830 5458 1924 5530; x_wconf 88' lang='lat' dir='ltr'>quae</span> 
     </span>
    </p>
   </div>
   <div class='ocr_carea' id='block_1_8' title="bbox 386 5760 844 5837">
    <p class='ocr_par' dir='ltr' id='par_1_11' title="bbox 386 5760 844 5837">
     <span class='ocr_line' id='line_1_35' title="bbox 386 5760 844 5837; baseline 0.004 -16"><span class='ocrx_word' id='word_1_336' title='bbox 386 5761 393 5798; x_wconf 78' lang='lat'><strong>¹</strong></span> <span class='ocrx_word' id='word_1_337' title='bbox 417 5760 467 5821; x_wconf 89' lang='lat' dir='ltr'>Cl.</span> <span class='ocrx_word' id='word_1_338' title='bbox 489 5760 669 5822; x_wconf 89' lang='lat' dir='ltr'>Demonstr.</span> <span class='ocrx_word' id='word_1_339' title='bbox 695 5782 778 5837; x_wconf 88' lang='lat' dir='ltr'>xxu,</span> <span class='ocrx_word' id='word_1_340' title='bbox 796 5765 844 5823; x_wconf 80' lang='lat'>26.</span> 
     </span>
    </p>
   </div>
   <div class='ocr_carea' id='block_1_9' title="bbox 0 0 2071 6452">
    <p class='ocr_par' dir='ltr' id='par_1_12' title="bbox 0 0 2071 6452">
     <span class='ocr_line' id='line_1_36' title="bbox 0 0 2071 6452; baseline 0 0"><span class='ocrx_word' id='word_1_341' title='bbox 0 0 2071 6452; x_wconf 95' lang='lat' dir='ltr'> </span> 
     </span>
    </p>
   </div>
   <div class='ocr_carea' id='block_1_10' title="bbox 2047 4874 2049 6307">
    <p class='ocr_par' dir='ltr' id='par_1_13' title="bbox 2047 4874 2049 6307">
     <span class='ocr_line' id='line_1_37' title="bbox 2048 4874 2049 4961; baseline 0 0"><span class='ocrx_word' id='word_1_342' title='bbox 2048 4874 2049 4961; x_wconf 89' lang='lat' dir='ltr'>l</span> 
     </span>
     <span class='ocr_line' id='line_1_38' title="bbox 2048 5166 2049 5223; baseline 0 0"><span class='ocrx_word' id='word_1_343' title='bbox 2048 5166 2049 5223; x_wconf 90' lang='lat' dir='ltr'>l</span> 
     </span>
     <span class='ocr_line' id='line_1_39' title="bbox 2047 5320 2049 5357; baseline 0 0"><span class='ocrx_word' id='word_1_344' title='bbox 2047 5320 2049 5357; x_wconf 89' lang='lat' dir='ltr'>l</span> 
     </span>
     <span class='ocr_line' id='line_1_40' title="bbox 2048 6242 2049 6269; baseline 0 0"><span class='ocrx_word' id='word_1_345' title='bbox 2048 6242 2049 6269; x_wconf 76' lang='lat' dir='ltr'>t</span> 
     </span>
     <span class='ocr_line' id='line_1_41' title="bbox 2048 6288 2049 6307; baseline 0 0"><span class='ocrx_word' id='word_1_346' title='bbox 2048 6288 2049 6307; x_wconf 79' lang='lat' dir='ltr'>t</span> 
     </span>
    </p>
   </div>
  </div>
 </body>
</html>
