4120 6456
342 554 374 592 ιν
973 530 1031 593 ΑΙ)
1054 530 1301 594 LECTOREM.

424 720 589 827 Insuper
614 717 836 798 addidimus
857 717 1025 797 indicem
1045 719 1243 797 nominum
1264 748 1309 797 ac
1329 748 1477 814 rerum,
1501 719 1616 799 simul
1636 749 1682 798 ao
1701 721 1939 829 peculiarem

340 860 507 939 indicem
533 863 740 940 Sacrorum
763 860 999 954 Bibliorum,
1017 859 1083 965 ubi
1105 860 1262 968 quidem
1284 889 1384 968 opus
1405 861 1536 940 fuerit.

422 1004 471 1082 Ut
485 1032 579 1082 vero
595 1002 692 1082 ordo
707 1003 926 1111 reperiatur
945 1003 1046 1081 inter
1064 1003 1161 1081 haec
1181 1003 1290 1081 varia
1311 1032 1433 1111 opera
1451 1004 1606 1111 quaein
1627 1004 1855 1113 Patrologia
1873 1008 1939 1115 Sy·

337 1144 444 1222 riaca
463 1139 1275 1252 continebuntur,<seriem‘chronologicam
1292 1145 1558 1242 servabimus;
1576 1145 1630 1225 ita
1644 1158 1775 1226 tamen
1794 1161 1838 1227 ut
1858 1147 1938 1228 dis-

336 1286 564 1394 tinguamus
584 1287 718 1395 plures
737 1299 871 1395 partes
894 1316 993 1394 quae
1020 1287 1152 1394 potius
1179 1286 1229 1365 ad
1256 1316 1458 1366 numerum
1482 1287 1724 1367 voluminum
1744 1318 1860 1396 quam
1887 1290 1937 1369 ad

335 1429 465 1507 varias
486 1440 636 1508 aetates
657 1428 918 1508 secernendas
938 1429 977 1506 in
997 1428 1138 1508 litteris
1161 1428 1325 1537 syriacis
1345 1428 1570 1538 respicient.
1591 1431 1673 1509 Hae
1694 1442 1823 1509 autem
1843 1460 1936 1540 par-

335 1580 396 1647 tes
420 1570 540 1650 variis
565 1562 738 1650 numeris
765 1569 1061 1678 distinguuntur
1081 1582 1120 1648 et
1139 1599 1280 1651 novam
1305 1570 1446 1650 seriem
1470 1571 1710 1650 voluminum
1735 1573 1936 1652 continent

335 1740 436 1819 quae
465 1712 520 1791 ita
543 1711 726 1791 facillime
753 1710 1011 1820 designantur
1040 1711 1195 1791 duobus
1227 1712 1400 1792 numeris
1431 1742 1596 1820 quorum
1621 1713 1770 1821 primus
1804 1744 1936 1793 roma·

335 1883 425 1947 nuS,
450 1866 493 1932 ut
513 1853 644 1948 aiunt,
663 1855 804 1933 seriem
830 1853 1026 1961 significat
1054 1866 1093 1933 et
1115 1854 1215 1933 alter
1238 1854 1433 1933 arabicus
1452 1883 1655 1934 numerum
1680 1855 1806 1963 ipsius
1829 1857 1935 1936 volu·

318 1995 449 2075 'minis
470 1996 509 2073 in
529 2025 774 2103 quacumque
796 1996 896 2075 serie
917 1995 1075 2074 indicat.

415 2139 457 2216 ln
479 2138 605 2245 primo
624 2137 820 2216 volumine
847 2138 1127 2245 cuiuscumque
1149 2136 1274 2245 partis
1293 2138 1452 2217 brevem
1472 2138 1643 2247 aliquam
1669 2139 1847 2218 notitiam
1870 2169 1934 2220 re-

333 2280 483 2387 perieS,
501 2308 601 2387 quae
619 2279 690 2357 tibi
711 2278 900 2358 indicabit
917 2279 1107 2387 quidquid
1127 2279 1166 2357 in
1187 2309 1234 2359 ea
1253 2279 1489 2359 continetur.

415 2422 457 2498 ln
487 2420 560 2500 hac
587 2449 681 2500 vero
703 2421 830 2529 prima
855 2433 966 2528 parte
993 2420 1158 2500 habebis
1187 2420 1365 2529 inprimis
1391 2421 1603 2529 Aphraatis
1628 2424 1935 2503 Demonstratio-

334 2590 403 2641 nes
431 2589 548 2657 xxrrr,
571 2591 669 2670 quas
695 2562 815 2641 latine
837 2563 974 2657 vertit,
996 2562 1190 2641 vocalium
1216 2563 1342 2670 signis
1369 2563 1567 2658 instruxit,
1589 2564 1693 2643 notis
1722 2564 1932 2645 illustravit

333 2717 449 2813 atque
470 2705 587 2784 etiam
606 2704 807 2813 praefatus
833 2717 893 2784 est
910 2706 957 2783 R.
978 2705 1024 2782 D.
1045 2703 1212 2799 Parisot‚
1235 2705 1442 2814 presbyter
1464 2718 1503 2784 et
1523 2706 1738 2786 monachus
1754 2709 1931 2815 Congre-

331 2847 503 2955 gationis
525 2845 803 2926 Benedictinae
829 2846 1061 2941 Galliarum,
1084 2844 1326 2954 quem'quod
1347 2847 1540 2927 elementa
1563 2847 1723 2956 linguae
1746 2849 1931 2957 Syriacae

331 2989 594 3084 docuerimus,
612 2989 728 3068 nobis
748 2987 869 3068 decus
889 3000 928 3067 et
943 2989 1069 3067 honos
1089 3001 1162 3068 est.
1183 2989 1332 3069 Deinde
1348 3018 1395 3068 ea
1413 2990 1587 3098 reperies
1602 3019 1703 3097 quae
1719 3005 1932 3099 supersunt

331 3160 379 3210 ex
412 3131 570 3238 scriptis
602 3133 642 3209 S.
667 3131 861 3210 Simeonis
899 3131 1097 3209 Barsabae
1132 3143 1249 3239 atque
1282 3133 1399 3211 etiam
1429 3131 1687 3228 Bardesanis,
1710 3145 1749 3211 et
1772 3132 1931 3212 tandem

329 3272 419 3351 huic
444 3273 592 3379 primae
616 3273 718 3380 parti
747 3272 862 3352 finem
889 3272 1134 3380 imponemus
1164 3272 1344 3352 addendo
1372 3274 1502 3352 omnia
1528 3275 1756 3382 apocrypha
1774 3276 1930 3355 Veteris

329 3444 374 3493 ac
399 3415 498 3493 Novi
524 3415 761 3494 Testamenti
786 3443 937 3494 necnon
961 3414 1241 3495 translationes
1261 3445 1282 3495 e
1304 3417 1452 3494 Graeco
1476 3415 1602 3494 saetas
1629 3444 1728 3523 quae
1757 3415 1806 3495 ad
1831 3416 1929 3496 haec

327 3570 507 3664 tempora
526 3557 736 3665 pertinent.
785 3643 790 3651 ,

408 3701 450 3777 ln
471 3698 634 3778 edendis
658 3699 720 3778 his
747 3699 912 3807 syriacis
938 3699 1133 3788 textibus,
1157 3699 1282 3807 ipsam
1313 3699 1478 3778 formam
1504 3700 1744 3779 voluminum
1771 3729 1816 3779 ac
1839 3712 1929 3779 tex·

325 3854 435 3919 tuum
462 3841 677 3949 selegimus
702 3854 740 3920 et
768 3841 961 3921 versionis
990 3841 1290 3949 dispositionem
1315 3842 1354 3919 in
1383 3840 1537 3921 duabus
1564 3842 1757 3921 columnis
1784 3841 1928 3950 quibus

326 3983 403 4062 iam
423 3983 606 4062 utebatur
628 3983 744 4061 Abba
764 3982 894 4090 Migne
920 3983 958 4060 in
980 4012 1051 4062 sua
1070 3983 1319 4092 Potrologic
1343 3984 1542 4063 Groeca¹.
1567 3984 1711 4062 Omnes
1732 3984 1834 4063 enim
1853 4013 1929 4063 no·

232 4137 237 4143 ’
326 4137 417 4203 runt
432 4154 548 4233 quam
562 4124 676 4203 facile
693 4124 742 4203 ab
758 4124 939 4204 omnibus
954 4125 1113 4204 tractari
1129 4125 1297 4233 possint.
1317 4128 1453 4234 Neque
1469 4126 1636 4234 tempori
1652 4155 1778 4234 neque
1799 4155 1929 4234 sump-

324 4266 430 4346 tibus
445 4266 537 4346 ullis
552 4267 799 4375 pepercimus
814 4280 856 4345 ut
877 4267 972 4345 nihil
990 4266 1281 4347 desideraretur
1300 4268 1339 4346 in
1359 4268 1420 4346 his
1441 4297 1541 4375 quae
1558 4268 1753 4376 pertinent
1773 4269 1854 4348 sive
1875 4268 1928 4348 ad

324 4421 501 4489 textuum
516 4409 799 4488 correctionem
815 4409 896 4488 sive
919 4409 1037 4488 etiam
1057 4409 1107 4488 ad
1126 4409 1457 4517 pulchritudinem
1477 4410 1748 4518 impressionis
1768 4439 1951 4506 eorum„

325 4564 363 4631 et
389 4580 513 4631 novos
536 4563 655 4660 typos
679 4551 867 4630 recudere
890 4580 968 4630 non
994 4552 1274 4630 recusavimus.
1299 4554 1395 4631 Cum
1417 4581 1552 4632 omnes
1578 4552 1643 4660 qui
1668 4553 1786 4631 rebus
1806 4551 1929 4660 syria-

324 4693 381 4772 cis
408 4692 642 4773 studuerunt
666 4694 846 4773 noverint
871 4706 988 4802 typos
1014 4693 1157 4801 quibus
1181 4722 1277 4773 usus
1300 4706 1359 4773 est
1380 4694 1585 4774 hssemani
1614 4694 1652 4773 in
1682 4723 1754 4774 sua
1781 4692 1928 4773 Biblio-

323 4837 439 4914 theca
467 4835 692 4930 Orientali²‚
714 4848 831 4943 typos
859 4836 1019 4915 eosdem
1047 4835 1312 4915 occidentales
1348 4835 1523 4944 syriacos
1556 4835 1782 4942 seligendos
1809 4834 1926 4913 duxi-

325 5006 669 5085 rnuS‚‘quanquam
687 4990 818 5057 tamen
839 4977 995 5056 minime
1012 4978 1286 5056 contemnendi
1303 4989 1393 5056 sunt
1409 4977 1484 5085 ipsi
1499 4977 1582 5085 typi
1598 4977 1663 5085 qui
1677 4977 1926 5087 Estrangelo

323 5131 598 5228 nuncupantur
628 5132 695 5199 aut
721 5120 837 5198 etiam
871 5120 937 5227 qui
970 5120 1019 5198 ab
1047 5119 1311 5199 Orientalibus
1339 5148 1409 5198 seu
1437 5119 1645 5198 Chaldaeis
1670 5117 1922 5198 adhibentur.

323 5264 487 5369 lnsuper
510 5261 583 5340 etsi
606 5262 782 5370 plerique
805 5262 962 5342 codices
984 5262 1188 5341 vocalibus
1210 5274 1301 5340 sunt
1327 5261 1525 5357 destituti,
1543 5273 1674 5340 tamen
1694 5262 1767 5340 hos
1787 5289 1926 5341 omnes

382 5546 389 5583 ¹
418 5546 444 5608 J.
463 5546 498 5608 P.
521 5546 648 5630 hligne,
670 5547 882 5631 Potrologr'ae
910 5546 1035 5611 Cursus
1056 5546 1258 5630 Completas,
1281 5549 1383 5609 series
1402 5567 1541 5631 graeca,
1565 5544 1714 5619 Parisiis,
1739 5548 1923 5608 1857-1866.

321 5660 375 5717 lut
391 5653 453 5715 vol.
471 5654 557 5717 ἰπὶ-40.

379 5760 390 5798 ²
408 5761 593 5835 rlssemani‚
610 5760 812 5824 Bibliotheca
828 5762 1011 5838 orientalis,
1030 5760 1164 5836 Romae,
1183 5765 1362 5825 1719-1728.
