4120 6456
347 500 369 538 u
982 475 1039 538 AD
1063 476 1309 540 LECTOREM.

344 664 573 746 Nestoriani
603 662 668 772 qui
703 662 830 742 adhuc
867 664 905 741 in
938 665 1222 771 Mesopotamia
1254 678 1485 772 supersunt,
1507 715 1560 725 —
1587 666 1750 776 liturgia
1776 671 1945 779 syriaca,

346 835 445 914 quae
473 805 618 914 duplex
644 819 723 899 est,
745 834 833 883 cum
861 805 984 884 altera
1008 818 1167 884 utantur
1191 806 1382 886 Catholici
1408 822 1446 886 et
1473 808 1598 888 altera
1624 812 1945 921 llonophysitae,

345 997 398 1007 —
418 946 579 1055 liturgia
598 946 703 1055 apud
725 946 939 1026 Maronitas
959 948 1117 1027 usitata.

428 1090 603 1197 Denique
624 1118 648 1168 a
667 1088 826 1168 saeculo
842 1103 982 1196 quarto
1005 1118 1130 1197 usque
1151 1090 1200 1169 ad
1217 1090 1417 1169 saeculum
1438 1091 1631 1171 decimum
1656 1109 1837 1202 quartum
1857 1097 1947 1205 plus

347 1261 462 1340 quam
486 1232 642 1311 ducenti
663 1244 843 1310 auctores
868 1230 968 1310 inter
993 1260 1092 1340 quos
1118 1232 1261 1311 eminet
1286 1234 1454 1313 Sanctus
1477 1234 1667 1343 Ephrem,
1691 1239 1841 1346 syriace
1863 1240 1947 1319 edi-

346 1374 486 1453 derunt
511 1374 620 1452 varia
647 1374 794 1481 scripta
818 1402 918 1482 quae
947 1373 997 1454 ad
1019 1403 1083 1454 res
1110 1375 1346 1455 christianas
1374 1389 1575 1484 spectant,
1594 1391 1632 1456 et
1656 1408 1745 1458 cum
1771 1380 1860 1460 illae
1889 1382 1947 1461 lit·

345 1531 453 1596 terae
470 1517 645 1624 syriacae
661 1515 711 1594 ad
726 1515 937 1595 orientales
958 1517 1201 1624 pertineant,
1221 1531 1258 1596 et
1275 1547 1352 1596 non
1368 1517 1515 1597 directe
1530 1519 1728 1627 pendeant
1743 1521 1793 1600 ab
1809 1523 1945 1604 ordine

345 1688 475 1738 rerum
495 1636 594 1765 quac
614 1658 653 1736 in
674 1656 837 1765 imperio
853 1687 1015 1737 romano
1042 1659 1123 1737 sive
1146 1658 1251 1766 apud
1272 1661 1443 1739 Graecos
1468 1661 1550 1740 sive
1577 1662 1682 1770 apud
1703 1664 1862 1744 Latinos
1882 1695 1946 1744 re-

346 1801 589 1909 periebatur,
612 1798 689 1878 iam
716 1800 892 1906 sequitur
918 1799 971 1878 ihi
998 1801 1222 1880 necessario
1247 1802 1409 1909 reperiri
1434 1802 1547 1910 plura
1561 1804 1786 1884 testimonia
1814 1808 1945 1915 magni

346 1942 529 2022 momenti
551 1942 600 2021 ad
620 1941 901 2050 explorandam
923 1943 1128 2021 veritatem
1154 1942 1244 2021 fidei
1269 1944 1505 2023 christianae
1531 1974 1682 2025 necnon
1708 1948 1941 2029 catholicae.

427 2085 497 2164 llis
519 2084 682 2192 positis,
700 2113 777 2191 quo
803 2083 958 2163 facilius
980 2097 1113 2193 pateat
1133 2085 1263 2164 aditus
1292 2085 1341 2164 ad
1371 2116 1491 2194 opera
1512 2086 1709 2166 variorum
1740 2101 1944 2169 auctorum

345 2228 409 2335 qui
429 2227 566 2334 lingua
587 2226 740 2334 syriaca
766 2226 826 2304 usi
848 2240 960 2320 sunt,
983 2227 1021 2304 in
1049 2227 1121 2304 hac
1147 2241 1283 2306 nostra
1311 2228 1539 2336 Patrologia
1564 2230 1726 2338 Syriaca
1752 2232 1944 2339 imprimis

344 2369 524 2448 dabimus
542 2382 691 2447 textum
712 2369 908 2476 syriacum
928 2397 1090 2476 operum
1110 2370 1281 2447 omnium
1310 2370 1348 2448 in
1374 2383 1561 2477 quantum
1587 2385 1743 2451 exstant
1767 2402 1866 2480 quae
1893 2375 1944 2454 ab

343 2511 569 2590 auctoribus
590 2511 656 2618 qui
677 2510 910 2589 catholicam
931 2510 1045 2589 fidem
1066 2512 1295 2619 profitentes
1320 2512 1382 2590 his
1402 2512 1543 2591 litteris
1564 2513 1728 2622 syriacis
1750 2515 1810 2595 usi
1834 2530 1941 2595 sunt.

343 2652 492 2732 Deinde
512 2653 620 2731 nullo
640 2652 756 2731 modo
772 2652 1013 2760 negligenda
1031 2681 1119 2732 esse
1140 2653 1412 2733 contendimus
1432 2655 1646 2764 praecipua
1661 2657 1800 2735 saltem
1821 2686 1945 2765 opera

343 2796 507 2875 aliorum
534 2794 840 2873 acatholicorum
868 2808 1093 2890 auctorum,
1116 2824 1281 2902 quorum
1309 2797 1468 2903 saepius
1497 2797 1660 2876 interest
1686 2826 1804 2878 nosse
1828 2801 1946 2879 testi-

342 2939 472 3017 monia
495 2949 537 3016 ut
565 2936 835 3044 unusquisque
862 2937 946 3044 ipse
973 2936 1146 3015 iudicare
1171 2938 1299 3045 possit
1319 2952 1358 3017 ct
1378 2939 1595 3017 catholicae
1615 2940 1705 3017 fidei
1733 2941 1945 3021 veritatem

367 3109 571 3159 onoscere.
609 3081 772 3187 lnsuper
803 3078 918 3186 plura
945 3079 1193 3187 reperiuntur
1224 3110 1324 3187 quae
1350 3110 1397 3158 ex
1417 3109 1561 3188 graeco
1588 3080 1627 3159 in
1652 3080 1817 3160 latinum
1846 3112 1945 3162 con-

365 3145 389 3193 o

339 3251 455 3311 versa
476 3250 659 3329 magnam
679 3220 888 3300 utilitatem
912 3249 1006 3328 prae
1032 3250 1074 3300 se
1100 3221 1251 3316 lerunt,
1269 3222 1351 3301 sive
1372 3222 1464 3329 quia
1484 3222 1560 3300 iam
1586 3223 1787 3331 perierunt
1807 3235 1943 3305 textus

341 3110 363 3159 a

340 3365 470 3472 graeci
492 3365 573 3443 sive
589 3377 750 3471 propter
765 3363 891 3470 ipsam
906 3363 1177 3470 antiquitatem
1194 3364 1331 3441 harum
1351 3364 1674 3460 translationum;
1691 3366 1823 3473 itaque
1838 3366 1945 3447 tales

337 3506 617 3586 translationes
643 3505 904 3612 negligendas
929 3505 1038 3583 nullo
1068 3505 1184 3584 modo
1209 3503 1407 3600 duximus,
1434 3534 1580 3613 easque
1607 3508 1780 3614 reperies
1806 3508 1844 3585 in
1864 3508 1945 3588 hac

337 3649 579 3773 voluminum
608 3646 839 3726 collectione
868 3646 941 3726 sub
968 3647 1123 3725 nomine
1149 3647 1353 3754 scriptoris
1382 3648 1524 3756 syriaci
1552 3649 1618 3755 qui
1643 3650 1740 3728 haec
1768 3679 1889 3757 opera
1921 3681 1944 3730 e

338 3821 482 3900 graeco
498 3791 537 3869 in
554 3790 748 3898 syriacum
769 3817 989 3868 sermonem
1007 3789 1222 3867 transtulit.
1243 3789 1284 3868 Si
1299 3820 1393 3869 vero
1415 3789 1603 3896 cognosci
1624 3792 1758 3897 nequit
1779 3792 1867 3898 quis
1888 3794 1946 3873 sit

338 3948 474 4012 auctor
494 3933 631 4011 harum
655 3930 976 4025 translationum,
995 3960 1062 4009 eas
1083 3931 1308 4038 reponimus
1334 3932 1406 4010 sub
1435 3932 1589 4011 nomine
1619 3933 1744 4040 ipsius
1765 3935 1945 4018 auctoris

337 4075 483 4182 graeci.
513 4077 571 4153 Ne
605 4074 834 4182 apocrypha
862 4072 1019 4180 quidem
1049 4072 1314 4179 negleximus,
1343 4102 1443 4180 quae
1478 4073 1710 4153 obtinebunt
1739 4074 1867 4154 locum
1900 4091 1945 4156 et

335 4231 490 4325 tempus
511 4245 611 4324 quae
632 4216 847 4323 requirunt.

414 4362 463 4438 At
488 4358 715 4438 nullomodo
745 4386 907 4437 necesse
934 4370 993 4436 est
1020 4358 1224 4436 historiam
1250 4357 1459 4465 quamdam
1486 4358 1727 4437 litteraturae
1758 4359 1943 4468 syriacae

334 4517 400 4581 aut
420 4501 646 4608 catalogum
671 4514 873 4579 auctorum
894 4500 960 4608 qui
983 4500 1056 4579 hac
1076 4501 1213 4608 lingua
1233 4501 1294 4578 usi
1316 4514 1406 4578 sunt
1427 4500 1659 4580 adumbrare
1681 4531 1768 4580 cum
1789 4530 1945 4609 nuper-

332 4645 425 4723 rime
453 4644 695 4723 clarissimus
720 4643 779 4722 vir
804 4644 868 4720 ll'.
897 4643 1057 4749 ll'right
1083 4670 1183 4750 opus
1207 4642 1478 4750 plenissimum
1501 4643 1549 4721 de
1574 4643 1635 4723 his
1664 4644 1782 4723 rebus
1810 4644 1946 4752 scrip-

330 4787 425 4867 serit
447 4787 590 4894 quihus
609 4815 736 4894 pauca
754 4799 905 4864 tantum
926 4784 1068 4863 addere
1089 4784 1268 4864 licebat¹.

413 4931 459 5010 Ut
483 4943 610 5008 autem
631 4957 767 5007 omnes
788 4928 844 5005 illi
864 4940 994 5005 textus
1011 4927 1218 5006 ederentur
1234 4926 1449 5005 secundum
1472 4928 1599 5034 ipsam
1615 4927 1843 5006 methodum
1859 4928 1938 5007 cri·

328 5072 428 5151 ticae
452 5071 685 5165 hodiernae,
704 5071 909 5177 perlegere
929 5068 1144 5162 voluimus,
1164 5070 1281 5147 etiam
1308 5068 1372 5147 ubi
1395 5069 1526 5176 agitur
1545 5069 1592 5148 de
1618 5068 1791 5148 textibus
1816 5081 1945 5152 antea

328 5215 458 5300 editis,
479 5214 610 5291 varios
635 5212 792 5291 codices
820 5212 884 5318 qui
909 5225 1160 5291 asservantur
1185 5212 1223 5289 in
1250 5211 1419 5319 puhlicis
1449 5214 1627 5319 Europae
1649 5210 1940 5311 BibliotheciS,

386 5481 393 5516 ⁸
425 5480 478 5544 W.
496 5479 645 5562 tt'riglu,
668 5487 727 5541 art.
754 5478 871 5557 Syrico
892 5480 1063 5539 literature
1090 5477 1354 5561 (llncyclopacdia
1374 5477 1574 5553 Britannica,
1607 5476 1808 5560 Edinburgh,
1836 5482 1941 5555 1887,

205 5621 209 5629 ·
323 5587 385 5648 rol.
413 5586 516 5661 Xh'll,
546 5609 599 5670 pp.
631 5588 786 5666 arn-85⁴5).
817 5622 856 5631 —
884 5586 931 5648 Cf.
964 5586 1057 5647 Gust.
1081 5584 1217 5653 Bichell,
1250 5584 1450 5667 Conspectus
1475 5588 1526 5645 rei
1550 5586 1711 5663 Syrorum
1742 5585 1940 5667 literarioc’,

323 5692 523 5769 hlonasterii,
544 5699 631 5756 1871.
