4120 6456
311 461 387 500 xxiv
854 434 1098 499 PRAEFATIO
1120 469 1158 482 -
1179 432 1323 497 CAPUT
1345 432 1385 496 11.

316 625 467 697 bebunt.
485 624 571 697 ldeo
591 623 752 720 instituit
768 623 974 720 Aphraatcs
988 622 1346 695 Demonstratiouem
1368 620 1567 694 secundam
1578 623 1619 694 de
1634 624 1800 705 Caritate,
1820 644 1909 718 quae

259 800 262 804 ·
317 758 449 831 ceteris
467 756 663 830 virtutibus
686 755 893 854 praecellit,
910 769 1097 855 totamque
1121 756 1242 855 legem
1267 767 1303 826 et
1322 753 1520 853 prophetas
1547 753 1818 851 complectitur;
1838 764 1913 825 ter-

316 891 405 963 tiam
433 892 473 961 de
500 894 648 974 ieiunio,
674 902 714 961 ut
742 889 914 963 ostendat
941 887 1117 961 ieiunium
1143 888 1222 959 sine
1249 885 1356 959 bonis
1387 885 1560 984 operibus
1586 886 1637 957 nil
1664 885 1857 983 prodesse,
1879 897 1915 957 et

318 1023 493 1097 ieiunium
515 1022 697 1121 spiritale,
716 1048 781 1094 seu
805 1022 927 1095 cordis
951 1020 1184 1107 munditiam,
1207 1044 1329 1092 merae
1354 1018 1598 1093 abstinentiae
1623 1017 1787 1092 ciborum
1806 1019 1914 1118 longe

319 1168 523 1254 praestare;
542 1168 578 1228 et
593 1168 759 1254 quartam
773 1158 813 1227 de
829 1158 1003 1239 Oratione,
1024 1178 1118 1253 quae
1134 1157 1211 1226 Deo
1227 1166 1378 1252 accepta
1392 1141 1450 1238 lit,
1469 1153 1501 1226 si
1516 1178 1599 1226 eum
1618 1151 1791 1250 operibus
1810 1151 1915 1225 bonis

319 1298 577 1398 coniungatur,
595 1297 693 1395 quod
712 1297 837 1370 multis
857 1309 1000 1394 patrum
1020 1294 1196 1394 exemplis
1216 1305 1252 1367 et
1271 1307 1466 1393 praecepto
1487 1294 1634 1367 Domini
1654 1294 1793 1367 suadet.

394 1430 726 1505 Demonstrationis
754 1430 902 1529 quintae
931 1430 1098 1502 diversus
1129 1454 1150 1499 a
1177 1430 1310 1503 ceteris
1339 1441 1395 1500 est
1428 1428 1530 1513 finis,
1559 1428 1596 1499 iu
1630 1426 1762 1527 quibus
1788 1427 1914 1509 lidem,

320 1577 357 1636 ct
380 1563 534 1636 virtutes
559 1576 594 1636 et
618 1587 729 1660 opera
752 1561 849 1634 baua
873 1574 1000 1635 auctor
1026 1562 1214 1661 hueusque
1242 1562 1495 1661 pertractavit3
1513 1561 1605 1633 haec
1635 1585 1722 1633 vero
1748 1563 1789 1633 de
1814 1563 1918 1632 Bellis

322 1696 515 1793 inscripta,
538 1722 629 1781 non,
653 1708 691 1767 ut
715 1689 830 1769 voluit
854 1694 1059 1780 Antonelli,
1086 1696 1132 1767 ad
1157 1694 1294 1768 bellurn
1320 1694 1502 1794 spiritale,
1530 1693 1606 1766 sive
1633 1718 1796 1793 pugnam
1825 1691 1919 1765 inter

322 1828 439 1903 bonos
464 1841 500 1900 et
524 1828 658 1913 malos,
681 1826 850 1914 reiertur,
873 1827 939 1900 sed
963 1827 1009 1899 ad
1034 1827 1154 1925 ipsum
1180 1828 1316 1901 bellum
1341 1827 1492 1926 Saporis
1516 1827 1693 1899 adversus
1719 1829 1915 1899 Romanos.

322 1965 357 2033 ls
382 1960 498 2045 enim,
520 1960 645 2032 audita
669 1960 901 2033 Constantini
926 1973 1042 2033 morte
1067 1962 1177 2055 (337),
1197 1975 1233 2034 33
1253 1961 1405 2059 imperio
1425 1961 1520 2032 inter
1538 1959 1648 2032 huius
1667 1959 1763 2031 filios
1782 1959 1916 2043 diviso,

320 2095 491 2193 ingentes
511 2092 635 2189 copias
655 2092 813 2190 paravit,
832 2106 958 2191 atque,
976 2107 1016 2165 ut
1036 2094 1232 2191 provinciis
1251 2093 1537 2191 Mesopotamiae
1555 2092 1747 2191 potiretur,
1765 2090 1920 2164 Nisibim
2050 2098 2051 2177 ξ

320 2251 522 2326 aggressus
542 2238 615 2310 est;
634 2225 759 2299 sedne
780 2238 863 2323 post
882 2225 1029 2299 tertiam
1050 2225 1197 2325 quidem
1217 2226 1529 2326 oppugnationem
1548 2226 1668 2319 (annis
1688 2226 1776 2312 338,
1793 2225 1866 2296 346
1886 2237 1921 2297 33
2050 2308 2051 2335 ,

321 2359 404 2453 350)
428 2357 555 2430 urbem
578 2357 696 2455 potuit
721 2383 917 2456 occupare,
942 2383 1010 2432 uec
1030 2358 1101 2432 uisi
1123 2384 1219 2432 anno
1244 2360 1315 2431 363
1340 2384 1362 2431 3
1392 2359 1540 2433 loviano
1564 2358 1725 2431 deditam
1748 2356 1918 2430 obtinuit.

321 2490 593 2564 Demonstratio
609 2493 650 2563 de
663 2493 779 2575 Bellia,
801 2490 937 2589 scripta
949 2517 1045 2564 anno
1060 2493 1149 2577 337,
1164 2492 1211 2565 331
1224 2491 1360 2565 bellum
1377 2492 1539 2565 nondum
1556 2490 1741 2589 inceptum
1761 2502 1918 2589 spectat,

321 2638 357 2698 et
376 2649 483 2723 quem
497 2622 706 2721 scriptionis
723 2636 868 2722 tempus
889 2624 1086 2721 postulavit
1106 2624 1271 2697 ordinem
1288 2624 1383 2698 inter
1401 2624 1492 2697 alias
1513 2637 1710 2697 consecuta
1725 2637 1794 2696 333.
1814 2623 1922 2696 Fide·
2050 2640 2051 2671 ¹

321 2757 410 2830 lium
428 2769 569 2830 mentes
589 2756 712 2830 studet
731 2756 937 2854 Aphraates
956 2758 1190 2843 confirmare,
1209 2782 1393 2831 armorum
1417 2770 1594 2856 apparatu
1614 2771 1830 2831 commotas.
1852 2760 1923 2829 Re·

323 2915 408 2989 gem
428 2892 603 2988 Saporem
630 2917 647 2959 3
668 2914 734 2988 per
752 2913 860 2987 quern
879 2889 1015 2962 malurn
1034 2891 1169 2988 populo
1190 2891 1256 2963 Dei
1277 2890 1409 2963 accidit
1435 2918 1473 2977 n,
1496 2893 1755 2988 Imperatorem
1779 2901 1920 2976 autem,

326 3051 343 3093 3
365 3048 555 3121 perquem
575 3021 710 3094 bonum
729 3022 864 3119 populo
886 3022 953 3094 Dei
973 3022 1108 3095 sactum
1128 3036 1184 3096 est
1209 3056 1242 3109 »,
1260 3050 1305 3095 ex
1328 3023 1511 3097 destinato
1530 3022 1787 3122 praetermittit
1805 3022 1924 3093 nomi·
2050 3044 2052 3115 ξ

324 3182 428 3243 3333ς
451 3156 547 3228 hunc
567 3155 635 3228 sub
655 3155 775 3253 specie
796 3168 946 3254 quartae
966 3154 1106 3229 bestiae
1126 3155 1163 3227 in
1181 3156 1323 3229 visione
1342 3156 1524 3241 Danielis,
1548 3155 1649 3228 illum
1669 3154 1830 3255 imagine
1849 3166 1924 3226 ter·
2050 3166 2051 3231 1

323 3289 414 3377 tiae,
435 3314 499 3362 333
527 3288 670 3375 arietis,
693 3288 917 3373 dissimulat,
940 3300 980 3360 ut
995 3292 1193 3361 Persarum
1218 3315 1344 3388 regem
1374 3313 1395 3361 a
1415 3288 1589 3361 llomanis
1617 3288 1716 3381 (liliis
1741 3291 1858 3374 Esau,
1882 3313 1925 3359 ex

324 3420 468 3494 iudaiea
482 3420 697 3507 traditione,
715 3420 924 3513 nominetis)
944 3421 1163 3494 vincendum
1184 3447 1310 3496 secure
1330 3434 1440 3521 queat
1459 3421 1625 3494 ominari.
1650 3425 1807 3519 Sapores
1827 3421 1924 3493 enim

325 3556 411 3627 dum
430 3554 606 3628 adversus
627 3557 810 3628 Romanos
830 3552 1006 3640 bellabat,
1023 3554 1242 3628 Christianis
1257 3556 1294 3628 iu
1313 3554 1452 3629 ditione
1472 3580 1538 3627 sua
1557 3553 1796 3654 degentibus,
1815 3553 1886 3626 sibi
1905 3578 1925 3625 a

326 3688 566 3761 Constantino
581 3686 667 3760 licet
679 3688 716 3759 in
729 3686 887 3786 gratiam
902 3688 1180 3773 commendatis,
1193 3713 1233 3760 se
1249 3686 1443 3761 exhibebat
1459 3688 1654 3773 insensum,
1669 3687 1782 3758 veluti
1796 3690 1926 3759 113333-

327 3846 455 3893 norum
475 3819 616 3893 amieis.
640 3824 692 3893 lle
713 3819 861 3919 quidem
878 3845 983 3905 vera,
1001 3819 1063 3892 isti
1081 3820 1279 3917 sperabant
1299 3847 1338 3894 se
1359 3820 1405 3893 ab
1424 3820 1577 3918 imperio
1597 3820 1797 3892 christiano
1816 3844 1924 3917 posse

326 3954 472 4026 delendi
492 3953 668 4025 adversus
689 3978 833 4052 regem,
852 3954 1037 4025 Zoroastri
1062 3953 1365 4050 superstitionum
1384 3953 1492 4025 nimis
1513 3953 1734 4037 studiosum,
1753 3952 1815 4050 qui
1834 3951 1925 4025 lide-

326 4087 380 4160 les
400 4086 536 4160 Christi
556 4085 688 4158 abhinc
708 4086 814 4158 aunis
834 4086 959 4158 decern
980 4086 1051 4158 iam
1071 4100 1240 4184 coeperat
1257 4086 1462 4186 exagitare,
1481 4099 1589 4184 atque
1605 4084 1652 4158 ob
1667 4099 1837 4184 acceptas
1853 4086 1921 4158 cla·

326 4220 391 4292 des
411 4220 543 4303 iratus,
562 4219 711 4291 eosdem
731 4218 975 4318 quadraginta
995 4244 1172 4291 annorum
1190 4219 1375 4314 (tto-379)
1394 4218 1649 4319 persecutione
1669 4218 1747 4290 dire
1766 4219 1922 4292 vexarit.

400 4357 439 4425 ln
459 4351 777 4424 Demonstratione
798 4364 901 4423 sexta
920 4352 1118 4426 monachos
1139 4353 1328 4450 speciatim
1348 4351 1545 4450 alloquitur
1569 4349 1718 4423 monitis
1742 4351 1922 4450 plurimis,

326 4500 362 4558 et
376 4485 544 4583 prohibet
560 4484 754 4583 quominus
770 4510 851 4556 oum
870 4484 1075 4585 virginibus
1096 4486 1320 4559 consecratis
1340 4484 1558 4558 conveniant
1579 4484 1688 4557 simul
1707 4483 1921 4558 habitaturi.

326 4619 467 4693 Deinde
498 4630 692 4717 praecepta
723 4618 776 4689 cis
805 4618 917 4691 tradit
948 4620 1129 4717 perlectae
1161 4619 1394 4717 discipliuae,
1423 4618 1555 4717 quibus
1588 4616 1773 4689 simillima
1800 4618 1837 4689 in
1862 4644 1925 4689 va·

327 4753 463 4824 riorum
490 4751 629 4851 regulis
653 4750 865 4824 monasticis
897 4777 1069 4850 expressa
1094 4750 1334 4849 reperiuntur.
1361 4750 1575 4847 Exemplum
1600 4749 1748 4822 tandem
1769 4750 1879 4822 sumit
1906 4776 1926 4822 3

327 4886 482 4958 Domino
503 4885 669 4972 Christo,
694 4913 711 4954 3
734 4885 795 4983 qui
816 4886 968 4958 sormam
988 4885 1083 4959 servi
1104 4885 1245 4982 accepit
1267 4913 1300 4969 n,
1323 4898 1359 4956 33
1384 4884 1428 4956 de
1449 4883 1714 4956 resurreetione
1734 4908 1926 4980 corporum

328 5019 486 5092 disserit.
512 5022 565 5091 De
586 5045 627 5091 ea
647 5031 770 5091 autem
794 5018 1020 5117 expositione
1046 5018 1151 5116 plura
1175 5018 1343 5090 dicentur
1368 5044 1449 5090 curn
1474 5018 1518 5088 de
1539 5016 1737 5114 Aphraatis
1761 5017 1925 5089 doctrina

328 5152 587 5250 disputandum
608 5152 689 5224 crit.

402 5284 672 5357 Demonstratio
692 5285 847 5382 septima
865 5288 905 5357 de
923 5286 1189 5369 Paenitentibas,
1214 5283 1250 5355 in
1270 5309 1341 5382 qua
1358 5283 1569 5355 vulneratos
1588 5282 1627 5353 in
1647 5281 1801 5380 spiritali
1821 5308 1926 5379 prae·

327 5419 376 5490 lio
396 5419 562 5491 hortatur
585 5431 625 5490 ut
649 5417 830 5491 sacerdoti
859 5431 1032 5516 tanquam
1061 5415 1202 5488 medico
1228 5441 1308 5488 sese
1333 5415 1546 5501 ostendant,
1570 5414 1779 5487 sacerdotes
1803 5427 1924 5487 autem

327 5563 450 5623 mouet
468 5563 508 5623 ut
527 5564 721 5648 peccantes
741 5576 814 5622 uon
834 5563 1020 5648 respuant,
1043 5562 1078 5621 33
1098 5559 1247 5646 3333333
1266 5548 1473 5621 3311333333
1492 5547 1693 5646 publicent,
1716 5547 1926 5621 testimonia

327 5683 883 5781 3331333333133333331333
903 5709 968 5780 pro
988 5681 1218 5756 consessione
1238 5681 1502 5755 sacramentali.
