4120 6456
747 530 805 591 AD
830 528 1072 593 LECTOREM.
1675 562 1711 600 111

122 720 170 798 ita
188 730 231 797 ut
247 717 419 796 omnium
435 717 613 796 codicum
634 717 799 797 alicuius
820 718 1004 797 momenti
1025 718 1110 827 qui,
1129 720 1210 798 sive
1232 720 1392 801 Parisiis
1412 721 1715 804 in'Bihliotheca

123 860 334 953 Nationali,
360 859 441 939 sive
463 861 610 940 Romae
638 859 676 939 in
699 859 912 955 Vaticano,
935 860 1017 939 sive
1043 861 1207 940 londini
1226 862 1273 940 'in
1302 865 1462 944 Musaeo
1487 866 1713 946 Britannico

122 1002 388 1097 adservantur,
411 1003 542 1082 varias
562 1001 752 1082 lectiones
776 1001 1050 1081 exhiberemus
1074 1032 1122 1082 ne
1151 1005 1342 1112 neglectis
1368 1006 1524 1114 quidem
1544 1008 1622 1088 illis
1647 1040 1714 1088 co-

122 1145 268 1225 dicibus
284 1144 443 1224 maioris
460 1145 644 1223 momenti
664 1145 730 1252 qui
751 1145 789 1222 in
812 1144 899 1224 aliis
921 1144 1363 1254 puhlicis'bibliothecis
1383 1149 1541 1245 adsunt,
1564 1151 1715 1230 scilicet

124 1287 337 1366 Florentiae
376 1301 415 1366 et
454 1286 684 1380 Mediolani,
716 1287 868 1365 Monaci
910 1300 948 1366 et
986 1287 1179 1382 Berolini,
1216 1289 1469 1398 Petrohurgi,
1502 1293 1640 1372 Oxonii
1677 1306 1716 1372 et

122 1430 331 1539 Cambrigii
359 1442 476 1537 atque
500 1430 617 1509 etiam
641 1428 861 1536 aliquarum
888 1430 1052 1508 aliarum
1077 1430 1291 1509 civitatum.
1691 1421 1693 1424 ’

199 1572 291 1651 lllas
305 1601 399 1651 vero
415 1600 551 1650 omnes
566 1571 695 1651 varias
711 1571 901 1650 lectiones
917 1599 1016 1678 quas
1032 1601 1080 1651 ex
1094 1572 1156 1651 his
1171 1573 1291 1652 variis
1307 1574 1509 1655 codicibus
1527 1576 1715 1685 colligere

120 1715 332 1823 poterimus
360 1714 397 1792 in
424 1714 499 1792 fine
519 1714 754 1822 paginarum
778 1713 983 1821 impositas
1010 1714 1197 1822 reperies.
1223 1716 1455 1796 Referentur
1482 1731 1613 1798 tame'n
1642 1721 1716 1799 hae

119 1885 378 1965 omnesquae
408 1856 457 1935 ad
487 1856 810 1964 orthographiam
837 1868 1018 1963 spectant
1047 1856 1085 1934 in
1112 1857 1199 1965 ipsa
1222 1857 1401 1937 codicum
1430 1860 1714 1968 descriptione,

119 2014 159 2079 ut
177 1999 336 2107 quidem
358 1998 490 2088 decet,
513 2027 601 2076 cum
625 2027 763 2078 revera
781 1999 912 2077 variae
933 1998 1123 2078 lectiones
1143 2000 1301 2108 proprie
1322 2000 1397 2080 dici
1417 2017 1628 2110 nequeant.
1654 2006 1717 2082 ln-

118 2155 174 2221 ter
206 2143 383 2250 syriacos
410 2140 569 2220 codices
595 2140 705 2219 multi
736 2153 826 2219 sunt
858 2140 983 2248 signis
1011 2141 1205 2220 vocalium
1232 2141 1429 2240 destituti;
1456 2157 1602 2253 puncta
1629 2157 1718 2223 tan-

118 2282 317 2361 tummodo
352 2282 543 2390 praebent
569 2281 771 2361 diacritica
801 2281 944 2388 quihus
982 2282 1255 2362 discernantur
1286 2285 1396 2363 varia
1431 2286 1589 2365 nomina
1618 2315 1717 2393 quae

119 2424 277 2503 easdem
311 2424 457 2504 hahent
490 2437 754 2504 consonantes
785 2436 823 2503 et
856 2424 1060 2503 vocalibus
1093 2436 1245 2504 tantum
1274 2425 1471 2506 differunt.
1504 2429 1553 2507 At
1579 2430 1719 2507 horum

120 2579 354 2674 punctorum
384 2596 462 2645 non
492 2596 647 2676 semper
676 2580 715 2646 et
742 2566 886 2674 ubique
915 2579 975 2646 est
1005 2567 1141 2646 eadem
1168 2568 1326 2676 regula,
1349 2569 1485 2649 eadem
1513 2570 1594 2665 vis,
1617 2571 1720 2650 unde

120 2709 226 2817 quod
244 2709 295 2788 ad
314 2710 446 2788 varias
467 2710 656 2789 lectiones
675 2710 845 2818 pertinet
869 2738 947 2787 non
973 2739 1128 2818 semper
1153 2711 1290 2790 eodem
1316 2712 1432 2791 modo
1453 2712 1532 2820 legi
1555 2712 1719 2808 dehent;

120 2864 161 2930 ut
179 2880 274 2930 vero
296 2851 512 2959 simplicior
532 2852 673 2931 evadat
692 2863 828 2931 nostra
848 2852 1057 2959 explicatio
1079 2864 1117 2931 et
1135 2852 1290 2933 facilius
1316 2853 1483 2962 intelligi
1509 2856 1656 2963 possit,
1674 2855 1721 2934 de

122 2995 182 3111 his
210 2994 453 3102 singularem
479 2994 658 3073 notitiam
685 2994 865 3074 dabimus
886 2994 935 3073 ad
965 2994 1143 3102 singulos
1164 2995 1321 3074 codices
1348 2995 1386 3073 in
1413 2996 1722 3105 uniuscuiusque

121 3136 399 3245 descriptione.

201 3281 251 3358 Et
279 3308 367 3357 cum
394 3278 552 3386 saepius
581 3290 817 3386 conspectus
846 3278 1020 3386 ipsorum
1045 3278 1224 3357 codicum
1252 3280 1415 3358 multum
1443 3279 1548 3359 iuvet
1577 3280 1627 3358 ad
1653 3281 1724 3359 has

122 3449 259 3500 omnes
288 3420 565 3500 adnotationes
594 3420 892 3527 intelligendas,
915 3420 1092 3499 adhibita
1115 3421 1202 3528 ipsa
1225 3421 1472 3532 delectantia,
1498 3435 1541 3499 ut
1565 3435 1722 3515 vocant,

123 3562 340 3671 specimina
362 3563 501 3642 saltem
524 3563 826 3671 praecipuorum
846 3562 1024 3641 codicum
1050 3562 1089 3640 in
1112 3563 1254 3669 quihus
1274 3592 1395 3671 opera
1419 3564 1725 3670 uniuscuiusque

123 3704 298 3784 auctoris
329 3706 579 3784 continentur
603 3705 763 3784 lectoris
790 3704 915 3784 oculis
949 3704 1201 3785 subiciemus.

206 3849 251 3926 ln
280 3847 355 3926 fine
380 3847 689 3954 uniuscuiusque
716 3847 884 3955 paginae
913 3846 1015 3954 sigla
1042 3847 1220 3926 codicum
1247 3848 1450 3956 posuimus
1480 3849 1535 3926 ita
1559 3859 1601 3926 ut
1626 3846 1727 3926 indi-

126 4002 240 4069 cetur
260 3990 418 4097 quinam
439 3989 516 4069 sint
536 3988 592 4068 illi
613 3988 770 4068 codices
792 3990 856 4095 qui
880 3988 994 4067 nobis
1015 3989 1223 4068 adfuerunt
1243 4003 1285 4068 ut
1303 3990 1422 4069 talem
1447 4002 1596 4069 textum
1619 3989 1729 4067 exhi-

122 4132 324 4211 heremus.

220 4273 302 4353 lllis
336 4303 430 4353 vero
462 4275 626 4382 syriacis
659 4273 832 4353 textibus
859 4273 1156 4353 translationem
1184 4273 1345 4352 latinam
1379 4273 1579 4353 addemus.
1614 4273 1729 4352 Ratio

127 4446 200 4526 per
225 4445 268 4495 se
297 4427 406 4524 patet
433 4445 502 4494 cur
525 4416 643 4494 latine
674 4416 747 4496 hos
776 4445 912 4494 omnes
940 4428 1072 4495 textus
1097 4416 1414 4495 transtulerimus
1433 4448 1440 4492 :
1461 4444 1597 4494 omnes
1628 4416 1730 4494 enim

127 4558 292 4666 linguae
320 4558 463 4637 latinae
494 4558 728 4637 studuerunt
754 4558 819 4665 qui
845 4558 1019 4637 scientiis
1047 4557 1327 4637 ecclesiasticis
1349 4587 1509 4667 operam
1533 4557 1646 4653 dant;
1672 4558 1731 4635 in-

128 4730 253 4808 super
273 4730 361 4779 cum
381 4699 437 4778 illi
457 4711 589 4779 textus
614 4700 664 4779 ad
685 4729 748 4779 res
769 4701 1058 4779 ecclesiasticas
1083 4700 1323 4808 pertineant,
1347 4701 1430 4780 sine
1457 4700 1536 4778 ulla
1566 4699 1733 4778 difficul-

127 4855 214 4922 tate
235 4842 355 4921 latine
374 4843 473 4922 verti
493 4856 662 4951 possunt
682 4872 769 4922 cum
789 4842 925 4951 lingua
944 4843 1065 4921 latina
1084 4854 1217 4921 utatur
1238 4842 1325 4951 ipsa
1346 4845 1522 4922 Romana
1538 4843 1728 4920 Ecclesia.

216 4987 267 5064 Ut
292 4996 421 5064 autem
448 5014 496 5064 ex
525 4986 586 5065 his
613 4985 777 5093 syriacis
804 4985 976 5064 textibus
1001 4984 1163 5064 edendis
1189 4986 1375 5063 maiorem
1399 4984 1607 5063 utilitatem
1627 5013 1735 5090 prae·

131 5126 300 5205 beamus
326 5127 389 5206 his
416 5127 513 5235 ipsis
544 5129 609 5235 qui
638 5128 796 5235 linguae
827 5128 1002 5236 syriacae
1034 5126 1213 5220 student,
1238 5126 1276 5204 in
1307 5127 1382 5204 fine
1408 5155 1571 5234 operum
1601 5125 1734 5203 cuius-

128 5298 302 5377 cumque
331 5271 503 5349 auctoris
529 5271 683 5349 lexicon
709 5271 903 5378 reperies,
927 5270 992 5348 uhi
1020 5281 1271 5377 apponuntur
1301 5269 1432 5347 omnia
1464 5269 1620 5347 nomina
1647 5298 1733 5346 cum

128 5409 320 5490 omnibus
349 5412 431 5491 suis
458 5412 595 5491 formis
630 5442 728 5520 quae
759 5412 807 5490 ah
837 5413 910 5489 hoc
940 5425 1099 5490 auctore
1130 5410 1305 5490 adhibita
1337 5412 1514 5505 fuerunt,
1542 5409 1735 5517 simulque

131 5552 228 5631 loca
251 5552 455 5660 inquibus
482 5556 738 5663 reperientur.
766 5557 823 5632 Ne
852 5568 980 5632 autem
1006 5555 1121 5633 nimis
1148 5567 1299 5633 crescat
1319 5553 1443 5633 moles
1464 5553 1580 5632 huius
1600 5551 1734 5645 lexici,

132 5694 468 5802 significationem
493 5697 654 5775 latinam
679 5697 912 5791 omittimuS,
938 5722 1024 5775 cum
1050 5697 1137 5804 ipsa
1161 5696 1377 5804 reperiatur
1402 5697 1440 5774 in
1463 5695 1735 5774 translatione.
