4120 6456
743 509 988 574 APHRAATIS
1010 508 1164 573 OPERA.
1672 534 1750 575 xxix

152 699 315 798 talogum
334 698 381 770 ad
401 722 535 770 annum
559 699 630 769 495
655 698 898 796 persequitur,
920 699 1009 771 haec
1034 699 1078 772 dc
1103 711 1230 771 sancto
1250 697 1382 770 lacobo
1407 698 1581 771 Nisibeno
1605 699 1746 772 tradit:

222 858 239 899 «
258 829 429 917 lacobus,
447 844 692 929 cognomento
709 831 881 929 Sapiens,
905 831 1114 918 Nisibenae,
1133 831 1267 903 nobilis
1283 834 1476 904 Persarum
1496 832 1604 905 modo
1620 830 1749 904 civita·

151 963 197 1037 tis
215 964 427 1062 episcopus,
445 989 541 1037 unus
560 990 605 1037 ex
625 990 776 1037 numero
797 963 866 1037 sub
882 965 1079 1038 Maximino
1094 978 1329 1064 persecutore
1345 964 1614 1051 consessorum,
1633 978 1669 1037 et
1684 990 1749 1037 co-

151 1122 227 1169 rum
246 1096 307 1196 qui
328 1096 365 1169 in
386 1097 545 1170 Nicaena
570 1098 711 1196 synodo
736 1098 898 1170 arianam
922 1098 1199 1197 perversitatem
1216 1100 1375 1194 tpooocico
1394 1097 1623 1195 oppositione
1644 1099 1748 1171 dam-

150 1242 292 1302 narunt.
323 1233 426 1303 Hunc
454 1231 572 1303 virum
601 1234 737 1304 Beatus
767 1231 1012 1329 Hieronymus
1042 1231 1079 1302 in
1106 1229 1200 1302 libro
1228 1243 1376 1328 χρονικῶν
1404 1230 1505 1303 velut
1532 1255 1748 1329 magnarum

147 1363 320 1435 virtutum
339 1362 522 1435 hominem
543 1364 753 1450 nominans,
777 1364 814 1436 in
834 1364 1013 1463 Catalogo
1033 1363 1258 1461 Scriptorum
1278 1389 1343 1436 cur
1362 1389 1435 1435 non
1455 1363 1618 1461 posuerit
1641 1364 1748 1436 facilc

148 1495 397 1582 excusabitur,
415 1495 447 1568 si
466 1497 740 1570 consideremus
754 1497 852 1596 quod
868 1497 968 1594 ipsos
987 1510 1063 1569 tres
1082 1509 1146 1570 aut
1164 1510 1320 1595 quatuor
1341 1499 1453 1595 Syros
1473 1522 1566 1595 quos
1584 1498 1707 1595 posuit
1720 1501 1744 1583 ⁸,

148 1626 407 1724 interpretatos
431 1627 469 1699 in
489 1653 662 1727 graecum
682 1653 721 1701 se
741 1629 878 1729 legisse
901 1641 1069 1703 testetur.
1093 1630 1199 1703 Unde
1224 1642 1367 1701 constat
1391 1654 1474 1702 eum
1498 1628 1561 1701 illo
1584 1642 1748 1728 tempore

147 1760 339 1859 ignorasse
360 1786 481 1859 syram
502 1761 666 1859 linguam
686 1762 742 1835 vel
763 1762 921 1849 litteras,
945 1775 982 1836 et
1005 1762 1088 1835 ideo
1106 1762 1204 1834 hunc
1224 1761 1285 1859 qui
1305 1762 1461 1834 necdum
1482 1762 1518 1833 in
1537 1762 1645 1835 aliam
1664 1789 1747 1835 vcr-

147 1918 207 1966 sus
227 1907 286 1967 est
304 1894 470 1993 linguam
490 1895 652 1968 nescisse
673 1896 900 1994 scriptorem.

218 2055 236 2098 u
260 2027 546 2126 Comprehendit
559 2042 681 2101 autem
696 2054 804 2102 omne
820 2055 912 2127 opus
928 2055 1034 2102 suum
1050 2029 1086 2100 in
1103 2028 1235 2127 viginti
1250 2053 1314 2100 sex
1329 2026 1445 2113 libris,
1465 2028 1570 2102 idest
1588 2055 1595 2099 ε
1616 2029 1747 2102 191119

146 2172 272 2232 contra
291 2186 419 2233 omnes
438 2161 627 2249 haereses,
645 2162 690 2235 de
706 2162 858 2235 caritate
878 2161 1060 2262 generali,
1077 2160 1122 2232 de
1142 2159 1295 2246 ieiuni0,
1311 2159 1356 2231 dc
1372 2159 1553 2245 oratione,
1572 2159 1617 2232 19
1638 2159 1747 2233 11199-

144 2291 241 2365 tione
263 2293 301 2365 in
320 2291 524 2390 proximum
544 2291 712 2389 speciali,
735 2292 779 2363 dc
799 2292 1083 2378 resurrectione,
1103 2292 1148 2364 de
1167 2292 1242 2364 vita
1257 2306 1342 2391 post
1356 2306 1527 2377 mortem,
1546 2294 1591 2365 de
1604 2292 1746 2365 humili·

145 2438 234 2512 tate,
259 2426 304 2524 19
330 2423 519 2523 patientia,
542 2423 587 2497 de
615 2424 856 2521 paenitentia,
881 2423 925 2495 de
955 2422 1224 2510 satisfactione,
1247 2424 1293 2497 de
1316 2424 1546 2525 virginitate,
1565 2425 1610 2498 de
1635 2450 1746 2497 sensu

145 2556 305 2643 animae,
324 2557 369 2629 de
394 2556 688 2643 circumcisione,
710 2556 754 2627 dc
775 2556 880 2628 acino
904 2554 1097 2628 benedicto
1116 2583 1182 2655 pro
1206 2582 1278 2655 quo
1303 2557 1341 2628 in
1365 2558 1460 2631 lsaia
1484 2558 1646 2658 legitur:
1665 2561 1746 2631 Non

145 2703 199 2763 cst
224 2690 525 2763 exterminandus
549 2688 693 2775 botrus,
716 2688 761 2761 19
780 2688 926 2762 Christo
950 2689 1048 2786 quod
1072 2688 1186 2761 Filius
1206 2689 1274 2762 Dei
1294 2691 1342 2763 sit
1361 2703 1397 2763 91
1421 2690 1745 2765 consubstantialis

146 2826 262 2911 Patri,
279 2825 325 2897 de
345 2824 527 2907 castitate,
543 2824 720 2897 adversus
737 2836 880 2923 gentes,
897 2823 942 2894 de
962 2822 1233 2895 constructione
1252 2822 1497 2910 tabernaculi,
1516 2824 1561 2897 de
1580 2825 1746 2923 gentium

145 2957 401 3043 conversione,
424 2956 469 3029 dc
492 2982 608 3057 regno
628 2959 841 3042 Persarum,
864 2955 909 3029 19
936 2954 1189 3052 persecutione
1209 2954 1510 3049 Christianorum.
1531 2957 1746 3055 Composuit

145 3104 180 3163 et
194 3091 396 3164 chronicon
411 3090 562 3163 minoris
577 3089 724 3189 quidem
739 3093 959 3164 Graecorum
975 3087 1212 3174 curiositatis,
1230 3088 1296 3161 sed
1311 3088 1459 3161 maioris
1474 3090 1642 3179 fiduciae,
1660 3091 1745 3189 quia

144 3224 349 3297 divinarum
366 3223 634 3321 Scripturarum
648 3236 790 3295 tantum
806 3223 1022 3295 auctoritate
1038 3234 1301 3308 constructum,
1319 3222 1525 3319 comprimit
1539 3247 1604 3295 ora
1620 3249 1744 3296 eorum

145 3357 205 3454 qui
228 3368 536 3455 praesumptuosa
559 3356 792 3454 suspectione
817 3356 863 3428 de
888 3357 1046 3428 adventu
1072 3354 1208 3428 Christi
1235 3354 1393 3426 inaniter
1420 3354 1741 3455 philosophantur.

218 3519 235 3559 n
261 3490 416 3562 Moritur
439 3488 498 3561 hic
519 3490 574 3561 vir
593 3489 798 3563 Constantii
818 3487 1064 3586 temporibus,
1085 3500 1121 3560 et
1144 3488 1245 3560 iuxta
1264 3501 1499 3588 praeceptum
1525 3490 1638 3587 patris
1664 3489 1744 3561 eius

144 3622 394 3710 Constantini,
412 3622 513 3694 iuxta
538 3647 662 3694 muros
689 3622 837 3695 Nisibae
866 3622 1053 3720 sepelitur,
1077 3619 1123 3693 ob
1148 3620 1352 3693 custodiam
1375 3621 1546 3695 videlicet
1565 3621 1741 3708 civitatis3

142 3756 239 3853 quod
265 3755 466 3830 secundum
489 3754 599 3828 fidem
618 3755 850 3829 Constantini
875 3756 1008 3828 evenit.
1032 3758 1123 3828 Nam
1147 3768 1231 3853 post
1254 3755 1389 3827 multos
1413 3780 1529 3828 annos
1553 3755 1744 3854 ingressus

144 3886 307 3961 lulianus
332 3886 505 3975 Nisibim,
522 3901 559 3961 et
576 3888 633 3961 vel
653 3888 794 3987 gloriae
819 3888 953 3986 sepulti
976 3889 1161 3973 inridens,
1182 3889 1240 3961 vel
1264 3889 1348 3962 fidei
1373 3889 1620 3989 Constantini,
1639 3888 1744 3963 cuius

142 4019 188 4092 oh
207 4022 245 4094 id
266 4021 413 4094 domum
432 4021 731 4121 persequebatur,
750 4022 857 4094 iussit
877 4020 995 4093 ellcrri
1015 4022 1060 4093 19
1080 4020 1226 4094 civitate
1246 4021 1341 4094 sacri
1361 4022 1524 4120 corporis
1548 4021 1740 4120 reliquias;

142 4166 178 4225 et
195 4166 284 4251 post
301 4179 438 4251 paucos
458 4179 620 4240 menses,
639 4154 885 4227 consulendae
904 4154 990 4227 licet
1010 4179 1120 4228 causa
1140 4153 1379 4251 reipublicae,
1399 4155 1608 4227 Iovinianus
1626 4154 1744 4254 impc-

142 4299 253 4371 rator,
278 4286 339 4384 qui
360 4286 499 4358 Iuliano
518 4299 765 4373 successerat,
786 4288 938 4360 tradidit
963 4285 1128 4361 barbaris
1153 4287 1355 4374 civitatem,
1379 4312 1471 4387 quae
1494 4313 1610 4387 usque
1635 4288 1743 4362 hodie
1805 4366 1809 4371 ,

144 4421 337 4492 Persarum
357 4418 487 4492 ditioni
506 4445 588 4491 cum
609 4419 686 4493 suis
705 4420 870 4494 subiecta
890 4421 1037 4493 servit².
1064 4448 1081 4491 n

214 4555 314 4625 llaec
333 4577 442 4649 porro
462 4551 640 4626 Gennadii
660 4553 806 4627 adserta
825 4554 863 4626 in
882 4552 1002 4627 varias
1027 4553 1331 4650 reprehensiones
1357 4553 1558 4627 incurrunt.
1582 4554 1742 4626 Primum

201 4826 210 4864 ⁴
231 4825 404 4890 Tatianum
418 4825 477 4907 (De
498 4826 581 4890 Viris
595 4828 715 4889 illustr.
733 4848 760 4889 c.
778 4828 843 4909 29),
862 4826 1077 4890 Bardcsanem
1098 4828 1136 4907 (c.
1161 4829 1225 4908 33),
1243 4827 1434 4890 Archelaum
1458 4828 1495 4907 lc.
1515 4830 1581 4907 72),
1597 4837 1742 4889 sanctum

141 4932 356 5016 Ephraemum
373 4934 411 5013 (c.
431 4936 508 5014 115),
523 4933 618 4995 Patr.
636 4933 709 4996 Lat.
723 4943 746 4996 t.
763 4933 879 5009 XXlll,
896 4938 1032 5010 99615,
1049 4936 1118 5009 647,
1137 4936 1322 4996 68391707.

198 5039 211 5077 ²
233 5038 433 5115 Gennadius,
450 5039 490 5101 de
505 5040 726 5123 Scriptoribua
742 5043 919 5103 9991991991.
935 5062 962 5103 c.
982 5047 1009 5103 1.
1028 5041 1123 5103 Patr.
1138 5039 1211 5102 Lot.
1229 5049 1251 5103 1.
1272 5039 1383 5116 LVlll,
1401 5061 1447 5103 cc.
1465 5041 1742 5103 1060-1062.hcta

141 5144 348 5221 Sanctorum,
366 5155 389 5208 t.
405 5145 448 5210 lV
461 5145 547 5222 lulli,
564 5167 619 5230 pp.
631 5150 669 5208 34
683 5167 772 5230 seqq.
785 5147 965 5210 Notandum
985 5147 1017 5208 in
1033 5146 1236 5209 recensendis
1251 5145 1367 5208 libellis
1382 5167 1492 5209 omnes
1506 5148 1570 5210 lere
1584 5147 1741 5209 Gennadii

139 5260 246 5315 textus
256 5271 329 5314 cum
341 5253 575 5335 manuscriptos
587 5261 654 5315 tum
669 5253 772 5316 editos
785 5255 866 5316 inter
881 5275 914 5316 se
929 5254 1121 5336 discrepare.
1137 5252 1183 5316 lta
1195 5253 1345 5314 exhibent
1357 5253 1398 5315 de
1408 5252 1580 5316 Adscenan
1591 5257 1738 5329 animae,

141 5358 180 5420 dc
193 5357 318 5438 Azymi
332 5358 566 5438 benedictione,
580 5359 621 5421 de
637 5358 786 5423 Gentium
798 5362 1070 5437 conversationes,
1084 5359 1124 5421 de
1133 5356 1284 5422 Adventu
1297 5360 1492 5422 antichristi.
1507 5359 1631 5421 Incerta
1645 5359 1740 5422 etiam

139 5474 171 5527 ct
190 5464 293 5528 libera
309 5464 395 5548 apud
414 5464 553 5528 editores
568 5465 791 5548 interpunctio,
809 5465 892 5528 unde
911 5466 947 5528 fit
960 5475 995 5529 ut
1009 5465 1123 5548 viginti
1140 5474 1276 5548 quatuor
1291 5474 1345 5527 aut
1359 5466 1474 5549 viginti
1490 5477 1555 5530 tres
1570 5465 1740 5549 aliquando

141 5580 363 5645 numerentur3
379 5571 522 5656 plerique
537 5581 641 5634 autem
655 5570 782 5633 codices
794 5572 979 5635 exscribunt
989 5571 1104 5656 viginti
1118 5573 1268 5655 quinque,
1284 5572 1506 5635 bollandianus
1519 5573 1613 5635 etiam
1625 5573 1740 5657 viginti

142 5697 213 5753 sex,
231 5687 263 5741 ct
277 5679 558 5762 sangermanensis
575 5678 813 5741 vetustissimus
827 5678 940 5762 viginti
957 5688 1093 5762 septem3
1111 5688 1144 5740 at
1158 5681 1272 5763 viginti
1288 5691 1353 5743 tres
1367 5679 1520 5743 duntaxat
1538 5679 1683 5742 videntur
1700 5680 1740 5741 ab

141 5793 270 5848 auctore
284 5786 535 5849 commemorari.
